3578 5636
1456 339 1463 384 i

722 502 862 574 murata
884 503 1012 560 mama.
1460 503 1498 557 cr

230 674 304 764 puli
324 675 429 761 ltujua,
450 675 502 738 40:
523 669 574 738 37.
596 676 626 738 8.
647 674 727 740 ceris
743 675 901 761 principio
922 672 1022 758 liujus.
1066 671 1156 745 Quod
1171 673 1200 735 4:
1216 667 1247 737 ⁷.
1265 673 1293 736 l.
1308 670 1339 734 in
1354 672 1385 736 U
1398 672 1499 754 serip-

235 787 299 840 tum
332 784 438 838 exstat
469 774 632 838 concordio
665 775 751 838 domi
776 775 868 838 etiam
881 774 969 862 foris
985 795 1096 858 pacem
1117 775 1156 838 ob
1179 773 1399 836 contrariorum
1420 773 1500 837 inter

236 897 268 939 aa
291 875 510 958 oppositionem
535 875 630 956 magis
652 877 767 958 placet,
790 895 879 958 qnam
903 875 982 958 qaod
1004 874 1034 938 iu
1058 873 1178 956 reliquis
1200 881 1261 936 est:
1280 892 1388 958 pacem
1408 874 1500 937 ctiam

229 976 326 1064 foria.
369 977 399 1039 4:
422 976 472 1039 4³.
496 977 545 1038 12.
567 975 597 1039 U
619 976 766 1057 scriptum
788 976 894 1039 habet:
917 975 1079 1060 quominus
1100 983 1242 1058 quonum
1252 981 1413 1058 quaestores
1423 994 1501 1057 pro-

235 1079 326 1140 misce
357 1077 401 1140 de
426 1074 607 1161 putribus
637 1097 680 1139 cc
706 1073 817 1160 plebe
848 1073 942 1140 libero
963 1074 1120 1164 suffragio
1136 1071 1247 1158 popuii
1259 1073 1386 1162 fluent,
1420 1075 1500 1156 qaod

236 1176 392 1259 quomis,
415 1177 464 1258 qui
487 1177 582 1238 verba
604 1177 692 1251 facit,
714 1177 762 1239 vir
782 1176 928 1258 patricius
951 1176 1007 1250 sit,
1039 1196 1097 1238 non
1121 1175 1260 1238 tribunus
1282 1174 1390 1256 plebis,
1422 1194 1501 1254 prae·

237 1277 392 1340 ferendum
417 1278 538 1340 videtur
559 1291 688 1358 receptae
711 1277 870 1358 scripturae
892 1276 930 1340 dc
945 1273 1033 1360 plebe
1054 1297 1090 1338 ac
1109 1273 1259 1358 purtem.
1281 1270 1310 1340 7:
1337 1272 1366 1336 8.
1390 1273 1419 1336 4.
1436 1293 1501 1336 me-

238 1379 327 1440 liores
351 1379 470 1440 codices
493 1378 643 1458 praebent:
665 1397 761 1460 neque
782 1387 846 1439 tcm
876 1375 976 1440 cirea
1003 1395 1117 1461 parea
1148 1395 1215 1459 qum
1241 1375 1501 1458 summonitus

228 1475 325 1562 facile
346 1477 509 1551 dictant,
531 1478 573 1540 U:
595 1486 658 1540 tom
674 1497 771 1561 pares
792 1477 880 1540 circs.
923 1475 993 1548 Quo
1015 1477 1080 1539 loco
1104 1476 1216 1538 nuliam
1239 1493 1361 1554 prorsus
1377 1494 1501 1538 causam

236 1589 300 1640 tam
330 1579 412 1640 durae
445 1579 603 1640 verborum
636 1577 825 1658 trajectiouia
858 1577 985 1658 reperio.
1036 1577 1139 1641 Unum
1162 1576 1330 1658 exemplum
1353 1573 1500 1656 ejusmodi

208 1672 215 1680 ’
236 1679 314 1760 apud
337 1677 456 1740 Livium
479 1678 581 1740 inveni
605 1679 631 1741 l:
655 1676 706 1740 39.
728 1678 758 1741 4:
775 1677 897 1762 juvenis
911 1676 1004 1740 euasit
1018 1697 1085 1741 cere
1099 1674 1212 1738 indolis
1226 1674 1325 1757 regite.
1339 1709 1377 1721 -
1392 1675 1498 1740 Etiam

237 1779 315 1860 quod
337 1777 366 1840 8:
388 1778 418 1840 4.
441 1779 471 1840 3.
493 1778 525 1840 iu
548 1779 579 1842 U
597 1778 748 1858 scriptum
771 1778 926 1840 iuvenitur
958 1797 1047 1861 quem
1078 1789 1229 1840 secernere
1256 1774 1295 1836 ab
1321 1795 1352 1838 se
1372 1774 1500 1839 unctu

237 1875 320 1941 bellis
336 1877 477 1966 propriis
498 1877 688 1941 sumendis
707 1877 969 1962 ponendisque
991 1875 1102 1952 racliut,
1124 1879 1150 1938 si
1172 1877 1355 1938 sententiam
1366 1865 1499 1958 spectes,

237 1979 341 2042 melius
370 1978 500 2054 videtur,
529 1998 618 2060 quam
640 1980 720 2060 quod
741 1979 802 2042 MP
823 1979 962 2058 praebent
978 1977 1132 2061 ponendis
1153 1975 1375 2060 sumendisque.
1419 1975 1499 2040 Nam

236 2079 318 2160 prius
341 2097 378 2140 ae
401 2079 501 2158 posim
522 2087 570 2141 est
590 2099 722 2154 sumere,
745 2097 835 2161 quam
853 2098 967 2162 porcam
989 2075 1079 2152 teta,
1102 2075 1270 2158 potiorique
1303 2076 1387 2157 prior
1419 2077 1500 2140 locus

237 2178 367 2242 dandus.
399 2176 428 2240 8:
453 2178 502 2241 14.
527 2180 552 2242 l.
575 2197 628 2260 pro
650 2197 701 2252 eo,
734 2179 812 2260 quod
839 2179 978 2240 meliores
1010 2177 1128 2240 codices
1152 2177 1281 2249 habent,
1307 2195 1402 2260 quum
1423 2174 1502 2239 alio·

237 2299 306 2340 rum
327 2299 419 2341 cnm
440 2276 505 2342 clio
524 2288 608 2353 essu,
630 2279 676 2354 U,
699 2280 728 2340 id
751 2279 829 2360 quod
852 2280 891 2340 ad
914 2279 1159 2340 consuetudinem
1182 2287 1212 2340 et
1234 2276 1314 2338 Livii
1329 2285 1361 2338 et
1372 2276 1499 2340 aliorum

238 2378 418 2459 scriptorum
441 2379 539 2459 magis
561 2382 819 2442 aecornmodatum
842 2389 906 2454 est,
929 2379 1058 2459 praebet:
1081 2399 1173 2462 quum
1187 2375 1317 2444 aliorum
1332 2374 1395 2438 clia
1410 2399 1503 2440 causa

237 2488 320 2543 esset.
363 2478 492 2541 Rectius
514 2479 605 2542 etiam
628 2479 745 2542 videtur
767 2479 845 2560 quod
867 2479 899 2541 in
923 2479 952 2542 U
973 2479 1121 2558 scriptum
1143 2487 1190 2540 est
1211 2477 1240 2540 9:
1266 2476 1314 2542 18.
1339 2475 1388 2540 18.
1410 2479 1503 2542 immo

238 2579 329 2643 etiam
345 2577 438 2662 plna
458 2598 497 2643 eo
515 2577 649 2663 periculi
661 2579 796 2654 subisset,
824 2599 914 2662 quam
938 2579 1017 2660 quod
1038 2577 1069 2641 in
1092 2577 1162 2640 aliis
1184 2589 1233 2642 est
1249 2577 1343 2642 immo
1363 2578 1455 2641 etiem
1469 2599 1502 2642 eo

233 2677 323 2764 plns:
356 2681 553 2760 nequeenim
583 2681 658 2742 bene
686 2682 766 2742 inter
792 2701 825 2742 se
848 2681 1030 2742 divelluntur
1057 2679 1149 2742 etium
1183 2687 1214 2740 ot
1235 2675 1318 2764 plna.
1341 2714 1381 2724 -
1403 2679 1502 2760 Magis

239 2779 460 2842 consuetudini.
484 2779 563 2842 Livii
582 2780 681 2843 ‘stiam
708 2781 780 2842 illud
810 2779 965 2854 convenit,
997 2778 1077 2862 quod
1103 2778 1150 2840 lo:
1173 2779 1223 2842 35.
1248 2778 1297 2842 14.
1320 2779 1350 2843 U
1371 2779 1501 2862 praebet:

239 2879 320 2964 qnod
351 2900 383 2942 se
414 2879 543 2964 quisque
574 2879 702 2963 dunum
729 2881 886 2954 ducerent,
915 2899 1005 2960 qnam
1027 2881 1108 2962 quod
1128 2878 1159 2941 in
1183 2879 1251 2942 aliis
1275 2889 1337 2944 est:
1371 2878 1452 2964 quod
1473 2902 1504 2944 se

238 2979 366 3064 dunum
387 2979 514 3064 quisque
534 2979 685 3044 ducerent.

322 3080 374 3142 Ad
406 3081 495 3142 finem
523 3081 592 3160 jam
625 3081 772 3162 perducta
794 3081 852 3143 hac
873 3080 1098 3161 disputatione,
1130 3078 1205 3161 quid
1226 3099 1264 3142 ea
1286 3080 1383 3143 videri
1407 3082 1505 3161 possit

239 3181 395 3254 effectum,
418 3181 523 3262 paucis
546 3181 810 3262 comprehendam.
855 3180 959 3244 Codex
981 3178 1239 3266 Guelferbutanus
1261 3181 1307 3242 ita
1328 3181 1504 3262 Upsaliensi

239 3280 349 3343 similis
370 3290 431 3356 eat,
454 3289 488 3344 ut
509 3280 592 3344 haud
615 3281 742 3349 multam
765 3281 862 3354 abuit,
884 3281 955 3362 quin
977 3299 1016 3343 ex
1038 3280 1096 3342 hoo
1118 3282 1303 3361 descriptum
1325 3301 1393 3344 esse
1416 3290 1505 3364 pute·

240 3400 316 3443 mus.
359 3381 422 3443 Sed
445 3400 536 3462 quum
560 3383 653 3443 multo
676 3382 765 3462 plura
786 3382 835 3443 vel
856 3381 1031 3461 ignorantia
1052 3381 1219 3461 corruperit
1245 3382 1292 3443 vei
1321 3381 1505 3464 negligentia

240 3481 375 3544 omiserit
397 3500 491 3562 nequo
513 3481 675 3563 quidquam
700 3482 769 3544 boni
792 3482 962 3559 contineat,
989 3481 1067 3562 quod
1091 3501 1149 3543 non
1173 3481 1252 3544 idem
1275 3481 1305 3545 iu
1328 3482 1504 3563 Upsaiiensi

240 3582 425 3656 inveniatur,
458 3581 568 3644 nullius
601 3601 662 3662 prae
692 3582 748 3645 hoc
770 3583 923 3664 putandus
945 3591 1080 3644 estesse
1102 3581 1257 3644 momenti.
1300 3583 1504 3663 Upsaliensis,

240 3682 380 3744 Parisino
412 3689 568 3760 cognatus,
600 3701 783 3764 quamquam
806 3681 951 3745 nonnulla
979 3681 1072 3744 habet
1094 3681 1219 3744 meliora
1239 3701 1329 3764 quam
1351 3682 1418 3757 itte,
1451 3691 1503 3744 ta-

242 3801 307 3844 men
336 3781 450 3842 minore
471 3781 530 3843 fide
552 3782 644 3844 etiam
666 3784 696 3846 in
719 3783 772 3858 iis,
805 3783 856 3845 ubi
879 3783 1006 3846 meliora
1028 3783 1160 3863 praebet,
1182 3781 1304 3863 diguus,
1326 3801 1416 3864 quam
1440 3783 1506 3844 Pa·

241 3881 351 3944 risinus
373 3881 501 3944 videtur.
544 3881 764 3945 Verumtamen
787 3892 818 3944 et
840 3892 963 3964 propter
985 3883 1054 3957 iiia,
1076 3901 1143 3963 quae
1165 3891 1248 3944 recte
1269 3883 1383 3963 scripta
1399 3883 1504 3954 habet,

241 3990 273 4044 et
295 3982 380 4062 quia,
413 3982 521 4062 quibus
555 3983 638 4046 velut
659 3983 803 4064 gradibus
826 4002 846 4044 a
868 3984 1042 4046 melioribus
1064 3983 1103 4044 ad
1126 3983 1288 4045 deteriores
1310 3983 1429 4046 codices
1451 3985 1507 4045 de·

240 4101 380 4144 sconsum
403 4083 460 4154 sit,
482 4083 651 4146 luculenter
671 4085 878 4156 dationum,
906 4083 987 4146 haud
1011 4080 1151 4164 indignus
1173 4091 1230 4157 est,
1254 4084 1305 4164 qni
1327 4103 1345 4146 a
1368 4084 1507 4164 pluribus

241 4183 412 4245 accuratius
434 4192 643 4264 cognoscatur.
