3578 5636
613 1367 811 1511 lucerpta
846 1366 1022 1473 lirinus.

754 1625 882 1666 scaffen·

664 1756 694 1822 f.
716 1756 757 1826 w.
781 1755 982 1838 aaronitas
1018 1801 1022 1808 -

766 1925 867 1940 μ

190 2047 241 2162 In
264 2095 449 2160 bibliotheca
470 2086 686 2162 Universitatis
708 2095 899 2177 Upsaliensis
920 2105 1061 2160 servatur
1081 2096 1186 2160 Codex
1206 2095 1363 2172 Livianus,
1385 2095 1454 2180 pri-

189 2215 268 2259 mam
292 2197 436 2260 decadem
459 2199 633 2274 continens,
655 2197 705 2279 qui
728 2216 908 2280 quamquam
932 2197 1070 2277 optimis,
1092 2197 1229 2259 Medicoo
1251 2205 1283 2258 et
1298 2198 1449 2274 Parisino,

140 2333 144 2345 ·
189 2297 351 2378 equandus
384 2317 443 2360 uon
478 2306 541 2374 ost,
574 2307 678 2362 tamen
706 2298 812 2378 dignus
838 2298 968 2372 videtur,
1000 2297 1052 2378 qui
1074 2297 1237 2378 aliquando
1259 2315 1297 2358 ex
1318 2299 1450 2361 tenebris

188 2395 377 2469 extrahatur,
398 2398 525 2479 utquid
548 2401 703 2462 contineat
725 2399 863 2462 omnibns
886 2398 987 2480 palam
1009 2397 1072 2461 liat.
1116 2397 1218 2479 Atque
1240 2397 1277 2459 de
1298 2407 1391 2460 aetate
1414 2417 1450 2462 ac

189 2499 286 2560 lorma
307 2497 397 2578 hujus
419 2498 530 2561 codicis
553 2519 642 2582 quurn
665 2499 871 2574 Bromannus‚
895 2498 945 2581 qui
964 2498 1172 2580 discrepantes
1185 2497 1352 2578 scripturas
1367 2499 1451 2562 tertii
1531 2525 1535 2534 ·
1592 2501 1600 2518 '

189 2597 256 2660 libri
288 2597 383 2661 edidit
393 2591 436 2684 ¹),
468 2601 545 2662 satis
575 2601 732 2681 diligenter
759 2599 936 2680 disputarit,
968 2617 1068 2679 pauca
1095 2607 1168 2662 sunt
1189 2617 1253 2678 quae
1274 2599 1312 2660 de
1334 2597 1391 2662 hoc
1417 2619 1449 2662 re

189 2699 329 2760 addenda
350 2699 516 2770 videantur.
561 2699 692 2782 Constat
713 2717 751 2760 ex
771 2699 887 2762 XXIV
909 2699 1172 2781 quaternionibus,
1195 2717 1320 2779 quorum
1341 2700 1357 2760 I
1379 2719 1450 2782 sep-

189 2807 250 2861 tem
273 2799 345 2861 lolia
367 2799 458 2862 habet
481 2837 519 2845 —
541 2802 669 2882 primum
692 2800 787 2874 eninr,
809 2800 887 2880 quod
909 2818 1038 2861 vacuum
1061 2801 1181 2862 videtur
1195 2798 1300 2872 fuisso,
1321 2799 1449 2862 recisum

190 2908 237 2961 cst
258 2934 315 2974 -‚
337 2899 371 2961 II
392 2908 460 2961 octo
483 2901 570 2975 folia,
592 2901 640 2963 III
662 2920 715 2963 sex
737 2899 810 2962 lolia
832 2901 958 2982 antiqua
979 2910 1011 2961 et
1033 2899 1091 2962 duc
1113 2899 1144 2961 in
1167 2899 1264 2960 medio
1286 2899 1366 2960 inter
1385 2909 1448 2962 ter-

188 2986 263 3062 tium
286 3009 317 3062 et
338 3008 457 3062 sextum
479 3000 609 3076 inserta,
633 3001 795 3063 recentiore
810 3019 900 3062 manu
914 2999 1044 3080 scrIpta3
1067 2997 1278 3080 quaterniones
1293 2997 1448 3062 rv-vn

189 3107 314 3174 octona,
347 3097 427 3162 VIII
449 3119 518 3174 sex,
550 3101 742 3164 IX-XXII
765 3108 890 3176 octona,
923 3099 1042 3164 XXIII
1075 3099 1203 3180 quinquo
1236 3098 1308 3160 lolia
1334 3099 1448 3180 reliqua

189 3199 297 3274 habet,
319 3197 435 3261 XXIV
456 3207 599 3281 quattuor
621 3193 699 3264 nov'a
722 3199 810 3274 lolia,
831 3203 936 3264 eadem
960 3219 1051 3262 uranu
1073 3209 1163 3281 atque
1190 3197 1221 3258 iu
1250 3199 1447 3278 quaternione

189 3299 278 3362 tortio
300 3299 423 3380 scripta.
467 3299 600 3380 Siugulac
621 3302 739 3382 paginae
760 3301 790 3362 in
813 3300 866 3375 iis,
889 3319 954 3382 quae
976 3301 1102 3380 antiqua
1124 3317 1216 3362 mauu
1236 3300 1350 3379 scripta
1363 3307 1449 3374 sunt,

188 3399 322 3462 XXXV
355 3419 493 3461 versuum
525 3410 606 3463 sunt.
660 3401 811 3462 Versuum
845 3401 998 3479 longitudo
1027 3419 1086 3461 non
1114 3417 1233 3478 semper
1260 3399 1364 3460 eadem
1387 3407 1449 3474 est;

188 3497 338 3561 interdum
372 3499 523 3561 nonnullis
557 3499 667 3562 litteris
700 3483 863 3574 breviores,
895 3499 1045 3562 interdurn
1068 3497 1216 3579 longiores
1238 3498 1449 3574 inveniuntur3

190 3619 281 3680 quare
303 3599 366 3661 fiori
387 3619 459 3662 sane
480 3607 596 3680 potest,
618 3609 652 3662 ut
674 3599 833 3680 archetypi
854 3599 986 3680 singulos
1005 3617 1109 3661 versus
1131 3599 1310 3678 expresserit
1332 3597 1380 3659 vel
1395 3616 1450 3660 ex·

189 3699 319 3780 primere
352 3708 478 3762 conatus
504 3701 545 3762 sit
572 3694 723 3774 librarius,
778 3700 893 3775 Multa,
925 3719 990 3781 quae
1025 3700 1120 3779 primo
1153 3697 1310 3771 omiserat,
1343 3698 1391 3759 vel
1417 3699 1449 3761 in

190 3799 324 3879 margine
346 3799 395 3861 vel
416 3799 495 3861 iuter
520 3819 640 3875 versus,
662 3818 903 3880 nonnumquam,
931 3796 984 3862 ubi
1006 3800 1091 3879 plura
1106 3798 1264 3870 omiserat,
1286 3797 1316 3858 in
1332 3813 1448 3860 summo

190 3900 238 3961 vel
259 3900 361 3961 infimo
385 3899 453 3961 lolio
475 3899 593 3962 addidit
614 3901 772 3986 librarius,
793 3919 873 3980 saepo
895 3919 959 3981 quae
980 3899 1075 3980 primo
1098 3917 1190 3980 prave
1206 3899 1368 3977 scripserat
1383 3917 1450 3959 cor-

189 3999 277 4061 rexit.
321 3999 377 4060 Hae
410 4009 522 4062 autern·
541 4001 742 4062 correctiones
769 3999 880 4080 partim
902 3999 1006 4061 statim
1030 4019 1049 4060 a
1071 3999 1207 4070 librario,
1240 3997 1449 4059 animadverso

190 4118 304 4172 errore,
326 4101 425 4174 lactae,
447 4100 558 4180 partim
580 4135 621 4146 -
644 4101 670 4161 si
694 4119 732 4162 ex
753 4100 917 4162 atramenti
939 4099 1036 4161 colore
1048 4099 1250 4178 conjecturam
1268 4099 1365 4159 lacere
1380 4097 1452 4159 licet

190 4235 229 4244 -
252 4207 371 4280 postea,
394 4199 555 4262 collatione
577 4219 644 4262 cum
666 4200 845 4280 exemplari,
866 4199 946 4262 undo
968 4199 1135 4279 descriptus
1158 4203 1206 4259 est
1228 4199 1337 4270 codex,
1359 4197 1450 4258 iusti-

189 4306 257 4361 tuta
289 4299 400 4360 additae
433 4299 584 4362 videntur.
626 4301 738 4362 Rarius
771 4299 883 4380 aliquid
905 4319 997 4378 supra
1020 4317 1137 4360 vorsum
1160 4297 1297 4359 additum
1320 4305 1449 4358 estnon

191 4407 342 4480 expuncto
364 4417 399 4460 eo
422 4399 500 4480 qnod
523 4399 619 4479 primo
640 4401 784 4480 scripturn
808 4407 887 4474 erat;
910 4399 957 4460 his
980 4399 1053 4460 locis
1074 4399 1183 4479 saepius
1206 4397 1311 4459 addita
1332 4395 1451 4458 inveni-

190 4508 242 4562 tur
261 4499 365 4561 littera
386 4495 398 4559 l
418 4505 453 4560 ut
474 4499 503 4561 3:
527 4497 575 4561 18.
598 4497 618 4562 6
639 4501 669 4562 in
693 4499 723 4563 U
745 4498 795 4585 (ut
816 4499 846 4560 in
869 4497 945 4582 PM)
978 4499 1123 4578 scriptum
1156 4505 1223 4560 erat
1249 4496 1328 4560 sisa
1350 4495 1452 4560 doceri

246 4678 266 4753 ¹)
288 4679 458 4750 asamona·
479 4681 612 4740 monas.
635 4658 757 4754 opiam
781 4683 875 4740 ress.
1299 4767 1314 4828 1
