3578 5636
664 527 955 598 Excerpte'Livisua.
983 485 985 490 ¹
1422 522 1439 575 7

179 697 279 762 inimis
301 696 341 760 G.
362 697 392 760 3.
406 716 475 758 meo.
495 697 631 761 consilis.
653 699 683 760 4.
696 717 811 760 versus.
834 699 863 760 5.
875 699 998 760 ebterso
1013 697 1053 770 U,
1076 695 1213 758 absterso
1223 693 1264 758 G.
1286 692 1316 756 6.
1338 693 1442 757 firme-

180 798 315 860 vitonus
338 816 411 878 opes
434 831 475 856 -.*
497 799 610 860 fectum
634 808 673 862 et.
696 793 724 861 7.
747 798 806 859 iam
829 807 893 860 tum
916 795 1144 878 compressis-
1160 795 1314 856 utvivere.
1336 794 1441 860 XLII.

180 933 209 994 2.
233 929 302 1011 quin
325 929 454 1012 iuvidio)
469 931 524 994 ¹cui
547 917 583 994 cu
604 931 729 994 invidie.
752 931 781 992 3.
795 926 930 1014 animos)
958 931 1076 992 enimus
1099 963 1140 974 —
1162 927 1249 991 redit.
1275 927 1305 990 5.
1317 927 1441 1008 imperio

182 1033 280 1092 futuro
303 1027 341 1093 G.
375 1031 497 1092 XLIII.
522 1031 549 1094 l.
573 1032 720 1094 heberent
742 1051 799 1093 om.
823 1029 861 1092 G.
883 1033 912 1091 2.
935 1031 1039 1110 primo.
1068 1029 1098 1092 5.
1110 1029 1203 1090 tertie
1224 1027 1327 1090 classis
1349 1029 1379 1090 in
1401 1027 1443 1074 -’

178 1139 209 1192 ot
231 1130 295 1191 baec
317 1165 356 1176 -—
378 1131 513 1194 aetetium
536 1132 576 1206 U,
601 1141 725 1194 aetutum
751 1130 791 1194 G.
819 1125 849 1192 7.
871 1127 978 1214 aucte)
1002 1137 1134 1192 ectu-
1160 1128 1366 1210 tibicinesque.
1391 1129 1440 1192 ll.

181 1228 312 1314 equites)
335 1231 461 1310 quirites
483 1266 523 1277 —
546 1231 863 1304 secundaeclesses÷
876 1231 1086 1312 seniorumque
1107 1249 1139 1290 se
1161 1265 1200 1274 -
1222 1228 1380 1292 institutes
1401 1264 1441 1275 -

178 1347 321 1392 summes.
348 1330 395 1392 13.
418 1331 590 1410 regionibus
613 1351 670 1411 que
693 1330 819 1392 collibus
842 1365 882 1376 —
905 1331 944 1392 ad
966 1329 1082 1392 tributo
1104 1329 1160 1403 U¹,
1182 1329 1221 1390 ab
1248 1329 1363 1390 tributo
1385 1328 1440 1391 11².

180 1429 301 1496 XLIV.
327 1432 354 1492 I.
378 1430 532 1492 decensis.
555 1430 870 1492 annumerantibus
892 1465 933 1474 -
955 1430 1026 1510 quia
1042 1431 1083 1490 in.
1113 1429 1141 1491 3.
1155 1427 1296 1510 esquilies
1319 1463 1360 1474 -
1382 1425 1442 1514 ita)

72 1573 78 1586 .
180 1529 238 1591 iter
255 1529 294 1602 U,
316 1530 396 1591 inter
408 1529 446 1592 G.
468 1531 498 1593 4.
521 1532 601 1594 circs
623 1531 746 1593 moerim
769 1565 811 1576 -
833 1530 1024 1610 inaugurieto
1045 1530 1084 1593 U.
1105 1565 1142 1574 -
1166 1529 1257 1590 etiem
1287 1529 1375 1608 vulgo
1402 1528 1441 1592 G.

178 1629 279 1692 XLV.
305 1631 331 1691 I.
354 1639 386 1690 et
407 1631 490 1710 pacis
513 1667 550 1678 -
574 1631 664 1693 decus
686 1631 753 1692 urbi
784 1630 831 1692 vel
853 1638 984 1697 tanturn.
1008 1631 1037 1692 2.
1060 1628 1143 1711 eum)
1165 1647 1232 1690 cnm
1255 1663 1296 1674 -
1317 1629 1443 1709 pertulit

180 1730 312 1791 tandem.
335 1729 363 1790 5.
386 1731 467 1792 cives
490 1767 526 1780 -
551 1732 759 1794 immolassent
780 1765 821 1775 -
843 1739 1026 1812 pervenerat
1051 1731 1089 1792 ed
1112 1729 1152 1802 U,
1169 1748 1223 1808 per
1237 1727 1267 1802 G
1282 1727 1357 1812 (om.
1372 1729 1444 1813 oet.)

179 1827 208 1892 6.
229 1829 410 1910 sabinusque
433 1841 526 1894 -et
548 1831 701 1892 celebrate
733 1830 853 1893 XLVI.
878 1831 905 1891 l.
932 1829 1012 1891 heud
1033 1829 1166 1892 dubium.
1191 1863 1227 1874 -
1251 1829 1279 1890 2.
1302 1829 1443 1892 diminuit

180 1945 314 2024 edvers'u
333 1999 370 2008 -
394 1949 561 2028 voluntat-e.
584 1963 612 2026 6.
636 1965 674 2026 ed
694 1953 867 2047 eudociam)
891 1963 1049 2026 eudociam
1075 1999 1113 2009 —
1136 1960 1259 2044 averse)
1283 1979 1379 2024 verse.
1402 1971 1442 2008 '-

178 2057 207 2124 7.
230 2082 296 2124 cunr
317 2063 417 2144 inpari
437 2066 522 2146 jungi
545 2101 584 2111 —
607 2072 638 2126 et
650 2063 921 2144 elanguescendum
946 2100 983 2109 —
1007 2083 1083 2126 esse.
1105 2061 1135 2126 8.
1148 2057 1290 2145 domiso)
1309 2063 1389 2124 domi
1402 2098 1440 2108 -

179 2177 239 2258 iem
262 2197 341 2260 enim
363 2198 402 2272 U,
424 2199 483 2260 iem
506 2198 546 2262 G.
569 2234 607 2243 -
631 2190 801 2278 parracidia
813 2199 851 2262 U.
877 2201 906 2260 2.
929 2198 977 2260 oui
999 2199 1135 2277 innupta.
1159 2195 1189 2260 4.
1203 2193 1291 2280 quin)
1313 2195 1363 2276 qni
1383 2216 1441 2258 non

180 2332 219 2342 -
241 2298 280 2360 nb
302 2298 470 2360 chorintho.
493 2299 521 2360 5.
545 2299 615 2379 quid
627 2308 657 2359 te
669 2298 709 2372 U,
731 2300 808 2378 quod
820 2298 890 2360 teG
906 2334 945 2345 -
957 2299 1031 2360 sinis
1042 2297 1083 2372 U,
1105 2297 1171 2358 finis
1187 2295 1226 2358 G.
1245 2331 1283 2341 —
1300 2297 1385 2357 fratri
1400 2331 1442 2342 -·

163 2397 268 2477 ,petri
291 2395 319 2460 6.
333 2407 558 2460 monumentum
571 2435 608 2444 —
622 2395 781 2482 prensare)
794 2398 973 2479 pensare'G.
987 2434 1027 2444 -
1042 2397 1180 2460 omnibus
1194 2415 1253 2458 om.
1274 2395 1304 2459 8.
1317 2405 1353 2458 ut
1363 2393 1441 2482 iem)
1525 2445 1531 2450 .

180 2540 214 2592 ut
225 2531 317 2592 etiam
329 2531 520 2611 -irrumpit
532 2531 562 2596 G
574 2567 611 2576 —
624 2533 696 2593 sede
708 2552 765 2592 om.
778 2530 816 2594 G.
839 2530 868 2594 9.
880 2532 939 2592 iern
952 2541 1032 2593 anto.
1058 2531 1104 2591 10.
1117 2548 1202 2591 orsus
1213 2528 1253 2604 U,
1265 2514 1338 2592 orsu
1349 2529 1388 2594 G.
1401 2565 1441 2576 -

180 2632 313 2710 parentis
322 2665 359 2678 -
369 2631 415 2693 sui
427 2632 465 2704 U,
478 2632 572 2712 petris
584 2631 627 2694 G.
637 2667 677 2676 —
691 2641 723 2692 ut
735 2640 853 2693 ente-
864 2633 978 2693 habitis
990 2651 1047 2693 om.
1068 2631 1104 2692 12
1117 2631 1203 2691 unde
1215 2649 1274 2692 om.
1291 2630 1442 2692 XLVIII.

183 2732 208 2791 l.
231 2732 359 2793 orationi
381 2751 448 2794 cunr
471 2767 510 2776 —
534 2732 684 2794 excitatus
697 2730 820 2794 Servius
831 2768 872 2778 -
884 2733 955 2825 quid
967 2732 1023 2792 hoo
1034 2730 1074 2806 U,
1096 2731 1173 2810 quod
1186 2729 1242 2791 hoc
1258 2729 1296 2792 G.
1315 2750 1441 2793 -con-

180 2864 285 2926 sedere
298 2865 328 2929 G
339 2901 380 2910 —
392 2865 443 2926 diu
453 2885 510 2928 om.
525 2863 564 2928 G.
587 2865 617 2926 3.
640 2865 699 2926 iam
709 2936 711 2940 ¹
723 2865 813 2929 etiem
837 2867 906 2946 ipse
925 2883 1034 2946 -per
1055 2843 1157 2944 gred'u'
1174 2863 1284 2926 deiecit
1299 2863 1442 2942 -rediit

180 3000 219 3009 -
240 2965 269 3028 4.
294 2965 439 3044 exanguis
472 2983 539 3027 oum
572 2965 756 3028 semianimis
790 2967 873 3046 regio
905 2966 1051 3028 comitatu
1083 2965 1204 3026 domum
1232 2983 1265 3025 se
1295 2965 1442 3044 reciperet
1539 3041 1543 3050 ,

89 3109 93 3115 ’
151 3113 155 3122 ·
181 3098 428 3180 pervenissetque
450 3099 489 3160 ed
510 3095 660 3160 summum
682 3084 760 3161 cons
778 3099 904 3180 primurn
928 3099 1027 3160 vicum
1050 3099 1088 3160 eb
1112 3098 1157 3158 his
1171 3133 1211 3142 —
1226 3096 1357 3158 tumultu
1372 3117 1439 3160 cum

179 3217 212 3258 se
234 3199 354 3272 domum
378 3197 581 3278 reciperet'b.
605 3219 700 3286 nuper
722 3201 855 3262 dianium
877 3233 918 3244 -
939 3199 1150 3279 esquiliarium.
1183 3195 1213 3260 7.
1235 3196 1442 3260 inhumatum·
1531 3223 1534 3236 ·

178 3316 235 3378 que
258 3333 297 3343 -
319 3299 441 3362 tulisset
462 3297 493 3364 8.
510 3299 578 3382 regi
601 3301 782 3366 succedenti.
796 3298 824 3362 9.
847 3319 883 3360 cc
905 3309 968 3362 tam
992 3300 1178 3360 moderatum
1202 3297 1358 3378 imperium
1389 3307 1440 3359 te-

179 3415 245 3458 rnen
268 3419 325 3460 om.
349 3433 386 3442 -
411 3398 498 3460 unius
520 3409 565 3460 est
590 3436 629 3444 -
651 3399 826 3462 intestinum
849 3399 891 3460 U¹
917 3399 984 3476 (sed
1005 3400 1038 3460 in
1059 3417 1190 3470 rasurar
1219 3397 1322 3480 primo
1346 3395 1442 3474 foisse

140 3529 145 3550 r
179 3497 299 3558 uidetur
319 3507 353 3559 nt
375 3497 408 3560 in
430 3497 486 3580 G.)
509 3499 746 3562 intestImonium
769 3499 808 3563 G.
831 3535 870 3542 -
887 3499 1030 3578 agitandi.
1059 3497 1179 3560 XLIX.
1205 3499 1232 3560 l.
1255 3497 1373 3578 occepit
1395 3498 1441 3560 U²

179 3595 218 3670 G,
240 3598 358 3678 accepit
384 3599 434 3660 Ul.
463 3600 492 3658 2.
515 3599 662 3679 primores
678 3593 751 3689 (om.
767 3599 839 3682 que)
854 3599 891 3662 U.
919 3600 947 3660 3.
964 3599 1003 3660 ed
1018 3600 1063 3660 Ius
1080 3597 1164 3678 regni
1177 3617 1235 3660 om.
1257 3597 1286 3658 5.
1298 3597 1439 3682 poteret)

178 3748 252 3810 quos
274 3740 402 3810 poteret.
425 3725 455 3794 7.
468 3741 503 3793 nt
524 3733 663 3794 traditur.
686 3732 716 3794 9.
739 3732 817 3794 circe
839 3767 879 3778 -
902 3751 1013 3813 perque
1036 3728 1112 3816 ess)
1129 3750 1183 3812 por
1204 3712 1263 3811 que
1283 3739 1314 3793 et
1324 3731 1365 3806 U,
1386 3750 1441 3812 per

178 3848 235 3910 qne
258 3841 289 3892 et
311 3829 341 3894 G
364 3867 401 3876 -
425 3841 569 3910 cognatos
590 3842 621 3894 et
643 3833 754 3894 etnicos
777 3833 815 3897 G.
859 3833 895 3895 L.
921 3833 948 3894 l.
969 3833 1031 3894 iem
1055 3863 1092 3877 —
1116 3842 1183 3894 eret
1203 3849 1262 3894 om.
1285 3830 1324 3894 G.
1347 3833 1375 3894 2.
1393 3833 1439 3894 soi

177 3949 236 3992 om.
258 3931 297 3995 G.
319 3931 349 3993 4.
372 3931 557 4012 priocipibns
579 3933 658 3994 enim
681 3967 721 3978 -
744 3934 784 3994 eb
806 3933 904 3994 domo.
927 3931 957 3994 5.
980 3932 1102 3994 deberet
1123 3932 1162 4004 U,
1184 3931 1330 3993 deberent
1340 3930 1380 3995 G.
1410 3930 1440 3995 6.

176 4031 202 4092 si
230 4031 261 4091 iu
290 4049 362 4092 suos
385 4067 423 4076 -
447 4050 591 4113 quemque
614 4031 654 4103 U,
677 4051 856 4113 quemquem
885 4031 916 4095 G
938 4067 976 4078 --
1000 4031 1136 4093 abituros
1158 4032 1198 4104 U,
1220 4029 1378 4093 habituros
1400 4032 1438 4095 G.

178 4123 206 4193 7.
229 4130 309 4192 domi
322 4129 447 4216 nectus)
468 4125 691 4194 dominatus-
705 4134 834 4194 maxime
856 4153 914 4195 om.
937 4167 975 4178 -—
998 4129 1027 4194 9.
1051 4130 1176 4211 transigi
1191 4131 1230 4204 U,
1251 4132 1387 4212 transfigi
1399 4132 1438 4196 G.

176 4231 230 4292 LI.
253 4232 283 4292 2.
305 4231 334 4292 in
357 4232 554 4294 diversorium
578 4226 653 4320 (om.
665 4231 723 4314 nt).
745 4233 775 4294 4.
788 4231 912 4316 afuerit.)
935 4231 1073 4293 defuerit.
1106 4229 1136 4293 8.
1160 4232 1346 4304 ventumU,
1369 4251 1439 4312 per·

177 4339 299 4392 ventum
323 4329 353 4392 G
374 4366 415 4378 -
436 4333 604 4394 diverticuli
629 4367 666 4377 -
690 4332 718 4395 9.
742 4331 866 4396 lostiU
888 4367 927 4378 -
949 4327 1101 4414 deiectus)
1125 4331 1250 4392 deletus.
1271 4331 1342 4394 Llr.
1358 4334 1387 4394 2.
1408 4333 1439 4396 in

176 4449 211 4491 eo
245 4431 362 4492 foedere
386 4467 424 4478 -
447 4433 526 4513 qnod
549 4451 678 4495 -cnm
712 4431 825 4494 colonis
847 4469 887 4478 —
910 4434 937 4496 3.
961 4431 1065 4496 utilius
1087 4431 1118 4492 id
1142 4431 1236 4509 magis
1258 4465 1299 4478 -
1321 4429 1439 4518 potius)

176 4562 293 4642 postins
306 4557 342 4609 -ὲ
357 4564 439 4644 prius
450 4563 549 4627 om.G
569 4601 605 4610 -
623 4566 684 4628 sint
696 4566 735 4639 U,
757 4549 848 4628 IIG.
880 4566 910 4628 4.
934 4583 1111 4646 persuasum
1134 4573 1189 4626 est.
1215 4562 1245 4626 5.
1268 4573 1302 4628 ut
1324 4565 1438 4649 ex)err.
1492 4581 1495 4588 ’

174 4663 313 4756 L11151.
337 4662 385 4748 ni)
408 4683 445 4725 no
467 4699 508 4710 —
529 4667 558 4728 2.
583 4667 675 4728 volcis
699 4701 736 4710 -
760 4667 789 4729 3.
812 4665 974 4730 dividendo
997 4701 1033 4710 -
1057 4665 1383 4747 recepissetconcepit
1397 4699 1436 4714 -
