<?xml version="1.0" encoding="UTF-8"?>
<!DOCTYPE html PUBLIC "-//W3C//DTD XHTML 1.0 Transitional//EN"
    "http://www.w3.org/TR/xhtml1/DTD/xhtml1-transitional.dtd">
<html xmlns="http://www.w3.org/1999/xhtml" xml:lang="en" lang="en">
 <head>
  <title>
</title>
<meta http-equiv="Content-Type" content="text/html;charset=utf-8" />
  <meta name='ocr-system' content='tesseract 3.04.00' />
  <meta name='ocr-capabilities' content='ocr_page ocr_carea ocr_par ocr_line ocrx_word'/>
</head>
<body>
  <div class='ocr_page' id='page_1' title='image "./excerptaliviana00livygoog_0055.png"; bbox 0 0 3578 5636; ppageno 0'>
   <div class='ocr_carea' id='block_1_1' title="bbox 340 499 1130 575">
    <p class='ocr_par' dir='ltr' id='par_1_1' title="bbox 340 499 1130 575">
     <span class='ocr_line' id='line_1_1' title="bbox 340 499 1130 575; baseline 0 -19"><span class='ocrx_word' id='word_1_1' title='bbox 340 499 381 558; x_wconf 77' lang='lat' dir='ltr'><strong>se</strong></span> <span class='ocrx_word' id='word_1_2' title='bbox 822 499 854 558; x_wconf 89' lang='lat' dir='ltr'><strong>r.</strong></span> <span class='ocrx_word' id='word_1_3' title='bbox 877 499 925 556; x_wconf 85' lang='lat' dir='ltr'><strong>w.</strong></span> <span class='ocrx_word' id='word_1_4' title='bbox 948 499 1130 575; x_wconf 66' lang='lat' dir='ltr'><strong>suggesse.</strong></span> 
     </span>
    </p>
   </div>
   <div class='ocr_carea' id='block_1_2' title="bbox 339 667 1604 1063">
    <p class='ocr_par' dir='ltr' id='par_1_2' title="bbox 339 667 1604 1063">
     <span class='ocr_line' id='line_1_2' title="bbox 339 667 1602 760; baseline -0.002 -20"><span class='ocrx_word' id='word_1_5' title='bbox 339 675 415 740; x_wconf 62' lang='lat' dir='ltr'><strong>Gneo</strong></span> <span class='ocrx_word' id='word_1_6' title='bbox 435 670 494 737; x_wconf 87' lang='lat' dir='ltr'><strong>IV</strong></span> <span class='ocrx_word' id='word_1_7' title='bbox 503 671 589 760; x_wconf 75' lang='lat' dir='ltr'><strong>folio</strong></span> <span class='ocrx_word' id='word_1_8' title='bbox 609 671 1001 758; x_wconf 67' lang='lat' dir='ltr'><strong>remmioremcnaaeripta</strong></span> <span class='ocrx_word' id='word_1_9' title='bbox 1015 667 1170 755; x_wconf 64' lang='grc'><strong>1551)-</strong></span> <span class='ocrx_word' id='word_1_10' title='bbox 1186 689 1249 735; x_wconf 89' lang='lat' dir='ltr'><strong>non</strong></span> <span class='ocrx_word' id='word_1_11' title='bbox 1268 671 1532 738; x_wconf 73' lang='lat' dir='ltr'><strong>renuntiaturum.</strong></span> <span class='ocrx_word' id='word_1_12' title='bbox 1557 674 1602 737; x_wconf 96' lang='lat' dir='ltr'><strong>ll.</strong></span> 
     </span>
     <span class='ocr_line' id='line_1_3' title="bbox 339 769 1603 858; baseline -0.002 -18"><span class='ocrx_word' id='word_1_13' title='bbox 339 783 475 858; x_wconf 85' lang='lat' dir='ltr'><strong>strages.</strong></span> <span class='ocrx_word' id='word_1_14' title='bbox 500 775 549 838; x_wconf 88' lang='grc'><strong>12.</strong></span> <span class='ocrx_word' id='word_1_15' title='bbox 562 769 886 858; x_wconf 85' lang='lat' dir='ltr'><strong>nominatis-data)</strong></span> <span class='ocrx_word' id='word_1_16' title='bbox 901 773 1010 836; x_wconf 87' lang='lat' dir='ltr'><strong>allata.</strong></span> <span class='ocrx_word' id='word_1_17' title='bbox 1036 772 1186 854; x_wconf 84' lang='lat' dir='ltr'><strong>13.panlo</strong></span> <span class='ocrx_word' id='word_1_18' title='bbox 1198 771 1286 857; x_wconf 87' lang='lat' dir='ltr'><strong>plus)</strong></span> <span class='ocrx_word' id='word_1_19' title='bbox 1298 773 1603 858; x_wconf 87' lang='lat' dir='ltr'><strong>populos-dispar)</strong></span> 
     </span>
     <span class='ocr_line' id='line_1_4' title="bbox 340 873 1602 960; baseline -0.004 -18"><span class='ocrx_word' id='word_1_20' title='bbox 340 897 401 960; x_wconf 83' lang='lat' dir='ltr'><strong>par</strong></span> <span class='ocrx_word' id='word_1_21' title='bbox 430 913 466 923; x_wconf 96' lang='lat'><em>-</em></span> <span class='ocrx_word' id='word_1_22' title='bbox 499 875 540 939; x_wconf 89' lang='lat' dir='ltr'><strong>ad</strong></span> <span class='ocrx_word' id='word_1_23' title='bbox 562 895 621 939; x_wconf 73' lang='lat' dir='ltr'><strong>orn.</strong></span> <span class='ocrx_word' id='word_1_24' title='bbox 664 873 830 938; x_wconf 83' lang='lat' dir='ltr'>XXXIX.</span> <span class='ocrx_word' id='word_1_25' title='bbox 857 876 887 937; x_wconf 96' lang='grc'><strong>2.</strong></span> <span class='ocrx_word' id='word_1_26' title='bbox 916 873 1041 956; x_wconf 85' lang='lat' dir='ltr'><strong>opereti</strong></span> <span class='ocrx_word' id='word_1_27' title='bbox 1071 892 1129 935; x_wconf 89' lang='lat' dir='ltr'><strong>om.</strong></span> <span class='ocrx_word' id='word_1_28' title='bbox 1151 873 1191 936; x_wconf 91' lang='lat' dir='ltr'><strong>U.</strong></span> <span class='ocrx_word' id='word_1_29' title='bbox 1218 875 1247 936; x_wconf 88' lang='grc'><strong>3.</strong></span> <span class='ocrx_word' id='word_1_30' title='bbox 1271 873 1602 955; x_wconf 80' lang='lat' dir='ltr'><strong>captaenim.11114.</strong></span> 
     </span>
     <span class='ocr_line' id='line_1_5' title="bbox 340 971 1604 1063; baseline 0 -23"><span class='ocrx_word' id='word_1_31' title='bbox 340 977 387 1042; x_wconf 90' lang='lat' dir='ltr'><strong>ita</strong></span> <span class='ocrx_word' id='word_1_32' title='bbox 408 975 508 1063; x_wconf 91' lang='lat' dir='ltr'><strong>enim)</strong></span> <span class='ocrx_word' id='word_1_33' title='bbox 530 977 588 1042; x_wconf 88' lang='lat' dir='ltr'><strong>ita.</strong></span> <span class='ocrx_word' id='word_1_34' title='bbox 611 976 641 1042; x_wconf 90' lang='lat'><strong>6.</strong></span> <span class='ocrx_word' id='word_1_35' title='bbox 665 975 880 1038; x_wconf 87' lang='lat' dir='ltr'><strong>comminando</strong></span> <span class='ocrx_word' id='word_1_36' title='bbox 902 977 932 1039; x_wconf 89' lang='lat' dir='ltr'>U</span> <span class='ocrx_word' id='word_1_37' title='bbox 959 1011 1001 1021; x_wconf 91' lang='lat'>—</span> <span class='ocrx_word' id='word_1_38' title='bbox 1026 971 1256 1058; x_wconf 90' lang='lat' dir='ltr'><strong>quodcumque)</strong></span> <span class='ocrx_word' id='word_1_39' title='bbox 1272 976 1355 1057; x_wconf 91' lang='lat' dir='ltr'><strong>quod</strong></span> <span class='ocrx_word' id='word_1_40' title='bbox 1378 994 1446 1038; x_wconf 89' lang='lat' dir='ltr'><strong>cum</strong></span> <span class='ocrx_word' id='word_1_41' title='bbox 1471 1009 1509 1023; x_wconf 91' lang='lat'><strong>—-</strong></span> <span class='ocrx_word' id='word_1_42' title='bbox 1531 996 1604 1058; x_wconf 92' lang='lat' dir='ltr'><strong>pro-</strong></span> 
     </span>
    </p>
   </div>
   <div class='ocr_carea' id='block_1_3' title="bbox 340 1093 1603 1499">
    <p class='ocr_par' dir='ltr' id='par_1_3' title="bbox 340 1093 1603 1499">
     <span class='ocr_line' id='line_1_6' title="bbox 340 1093 1603 1195; baseline -0.003 -17"><span class='ocrx_word' id='word_1_43' title='bbox 340 1113 505 1178; x_wconf 73' lang='lat' dir='ltr'>ferebatur</span> <span class='ocrx_word' id='word_1_44' title='bbox 527 1148 574 1158; x_wconf 90' lang='grc'><strong>-</strong></span> <span class='ocrx_word' id='word_1_45' title='bbox 598 1110 637 1173; x_wconf 89' lang='lat' dir='ltr'><strong>ed</strong></span> <span class='ocrx_word' id='word_1_46' title='bbox 660 1108 772 1172; x_wconf 84' lang='lat' dir='ltr'><strong>alters.</strong></span> <span class='ocrx_word' id='word_1_47' title='bbox 794 1103 824 1172; x_wconf 91' lang='grc'><strong>7.</strong></span> <span class='ocrx_word' id='word_1_48' title='bbox 847 1109 1096 1172; x_wconf 72' lang='lat' dir='ltr'><strong>vertebanturU</strong></span> <span class='ocrx_word' id='word_1_49' title='bbox 1112 1145 1153 1154; x_wconf 95' lang='lat'><em>-</em></span> <span class='ocrx_word' id='word_1_50' title='bbox 1169 1128 1263 1190; x_wconf 91' lang='lat' dir='ltr'><strong>quam</strong></span> <span class='ocrx_word' id='word_1_51' title='bbox 1274 1106 1331 1195; x_wconf 90' lang='lat' dir='ltr'><strong>ad)</strong></span> <span class='ocrx_word' id='word_1_52' title='bbox 1349 1110 1432 1176; x_wconf 86' lang='lat' dir='ltr'><strong>adU</strong></span> <span class='ocrx_word' id='word_1_53' title='bbox 1451 1146 1491 1158; x_wconf 90' lang='lat'><em>-</em></span> <span class='ocrx_word' id='word_1_54' title='bbox 1507 1093 1603 1174; x_wconf 76' lang='lat' dir='ltr'><strong>comi-</strong></span> 
     </span>
     <span class='ocr_line' id='line_1_7' title="bbox 340 1207 1603 1296; baseline -0.002 -17"><span class='ocrx_word' id='word_1_55' title='bbox 340 1215 427 1279; x_wconf 90' lang='lat' dir='ltr'><strong>nium</strong></span> <span class='ocrx_word' id='word_1_56' title='bbox 450 1216 490 1279; x_wconf 91' lang='lat' dir='ltr'><strong>U.</strong></span> <span class='ocrx_word' id='word_1_57' title='bbox 521 1212 551 1275; x_wconf 89' lang='lat'><strong>8.</strong></span> <span class='ocrx_word' id='word_1_58' title='bbox 575 1209 719 1276; x_wconf 89' lang='lat' dir='ltr'><strong>nuntium</strong></span> <span class='ocrx_word' id='word_1_59' title='bbox 744 1229 780 1273; x_wconf 87' lang='lat' dir='ltr'><strong>so</strong></span> <span class='ocrx_word' id='word_1_60' title='bbox 803 1212 843 1274; x_wconf 89' lang='lat' dir='ltr'><strong>U.</strong></span> <span class='ocrx_word' id='word_1_61' title='bbox 870 1207 899 1272; x_wconf 86' lang='lat'><strong>9.</strong></span> <span class='ocrx_word' id='word_1_62' title='bbox 923 1229 1000 1291; x_wconf 87' lang='lat' dir='ltr'><strong>opus</strong></span> <span class='ocrx_word' id='word_1_63' title='bbox 1022 1227 1091 1272; x_wconf 90' lang='lat' dir='ltr'><strong>esse</strong></span> <span class='ocrx_word' id='word_1_64' title='bbox 1118 1209 1217 1272; x_wconf 92' lang='lat' dir='ltr'><strong>illum.</strong></span> <span class='ocrx_word' id='word_1_65' title='bbox 1252 1210 1300 1272; x_wconf 92' lang='lat' dir='ltr'><strong>ll.</strong></span> <span class='ocrx_word' id='word_1_66' title='bbox 1325 1209 1437 1296; x_wconf 90' lang='lat' dir='ltr'><strong>misso)</strong></span> <span class='ocrx_word' id='word_1_67' title='bbox 1465 1211 1550 1274; x_wconf 89' lang='lat' dir='ltr'><strong>iusso</strong></span> <span class='ocrx_word' id='word_1_68' title='bbox 1572 1213 1603 1277; x_wconf 95' lang='lat' dir='ltr'><strong>U</strong></span> 
     </span>
     <span class='ocr_line' id='line_1_8' title="bbox 341 1292 1601 1395; baseline -0.002 -16"><span class='ocrx_word' id='word_1_69' title='bbox 341 1351 380 1364; x_wconf 93' lang='lat'><em>-</em></span> <span class='ocrx_word' id='word_1_70' title='bbox 405 1313 549 1379; x_wconf 80' lang='lat' dir='ltr'><strong>efficacia</strong></span> <span class='ocrx_word' id='word_1_71' title='bbox 564 1299 636 1376; x_wconf 76' lang='lat' dir='ltr'><strong>ed.</strong></span> <span class='ocrx_word' id='word_1_72' title='bbox 658 1312 707 1374; x_wconf 95' lang='grc'><strong>13.</strong></span> <span class='ocrx_word' id='word_1_73' title='bbox 731 1310 847 1374; x_wconf 89' lang='lat' dir='ltr'><strong>victori</strong></span> <span class='ocrx_word' id='word_1_74' title='bbox 868 1311 910 1385; x_wconf 91' lang='lat' dir='ltr'><strong>U,</strong></span> <span class='ocrx_word' id='word_1_75' title='bbox 933 1292 1070 1373; x_wconf 64' lang='lat' dir='ltr'><strong>vio&#39;toria</strong></span> <span class='ocrx_word' id='word_1_76' title='bbox 1090 1308 1130 1373; x_wconf 87' lang='lat' dir='ltr'><strong>G.</strong></span> <span class='ocrx_word' id='word_1_77' title='bbox 1166 1309 1213 1374; x_wconf 87' lang='grc'><strong>15.</strong></span> <span class='ocrx_word' id='word_1_78' title='bbox 1235 1308 1345 1395; x_wconf 87' lang='lat' dir='ltr'><strong>rupta)</strong></span> <span class='ocrx_word' id='word_1_79' title='bbox 1367 1311 1542 1393; x_wconf 80' lang='lat' dir='ltr'><strong>interrupte</strong></span> <span class='ocrx_word' id='word_1_80' title='bbox 1563 1313 1601 1377; x_wconf 93' lang='lat' dir='ltr'><strong>U.</strong></span> 
     </span>
     <span class='ocr_line' id='line_1_9' title="bbox 342 1409 1601 1499; baseline -0.003 -18"><span class='ocrx_word' id='word_1_81' title='bbox 342 1416 391 1480; x_wconf 82' lang='lat'><strong>16.</strong></span> <span class='ocrx_word' id='word_1_82' title='bbox 414 1433 579 1499; x_wconf 89' lang='lat' dir='ltr'><strong>respersus</strong></span> <span class='ocrx_word' id='word_1_83' title='bbox 600 1433 660 1476; x_wconf 89' lang='lat' dir='ltr'><strong>om.</strong></span> <span class='ocrx_word' id='word_1_84' title='bbox 684 1411 714 1475; x_wconf 88' lang='lat' dir='ltr'>G</span> <span class='ocrx_word' id='word_1_85' title='bbox 737 1447 778 1459; x_wconf 88' lang='lat'>-</span> <span class='ocrx_word' id='word_1_86' title='bbox 800 1413 891 1474; x_wconf 89' lang='lat' dir='ltr'><strong>deum</strong></span> <span class='ocrx_word' id='word_1_87' title='bbox 913 1410 969 1474; x_wconf 78' lang='lat' dir='ltr'><strong>ira</strong></span> <span class='ocrx_word' id='word_1_88' title='bbox 990 1431 1049 1474; x_wconf 78' lang='lat' dir='ltr'><strong>orn.</strong></span> <span class='ocrx_word' id='word_1_89' title='bbox 1070 1409 1112 1474; x_wconf 89' lang='lat' dir='ltr'><strong>G.</strong></span> <span class='ocrx_word' id='word_1_90' title='bbox 1154 1411 1226 1473; x_wconf 85' lang='lat' dir='ltr'><strong>XL.</strong></span> <span class='ocrx_word' id='word_1_91' title='bbox 1249 1412 1278 1473; x_wconf 82' lang='lat'><strong>3.</strong></span> <span class='ocrx_word' id='word_1_92' title='bbox 1301 1411 1399 1474; x_wconf 86' lang='lat' dir='ltr'><strong>infimi</strong></span> <span class='ocrx_word' id='word_1_93' title='bbox 1418 1412 1545 1494; x_wconf 90' lang='lat' dir='ltr'><strong>quique.</strong></span> <span class='ocrx_word' id='word_1_94' title='bbox 1571 1413 1601 1477; x_wconf 90' lang='grc'><strong>4.</strong></span> 
     </span>
    </p>
   </div>
   <div class='ocr_carea' id='block_1_4' title="bbox 340 1531 1602 1735">
    <p class='ocr_par' dir='ltr' id='par_1_4' title="bbox 340 1531 1602 1735">
     <span class='ocr_line' id='line_1_10' title="bbox 340 1531 1602 1634; baseline -0.003 -19"><span class='ocrx_word' id='word_1_95' title='bbox 340 1546 548 1634; x_wconf 74' lang='lat' dir='ltr'><strong>solistimum)</strong></span> <span class='ocrx_word' id='word_1_96' title='bbox 570 1531 813 1612; x_wconf 77' lang='lat' dir='ltr'><strong>solenissimum.</strong></span> <span class='ocrx_word' id='word_1_97' title='bbox 836 1545 865 1608; x_wconf 99' lang='grc'><strong>5.</strong></span> <span class='ocrx_word' id='word_1_98' title='bbox 888 1543 1073 1626; x_wconf 73' lang='lat' dir='ltr'><strong>pronuntiat</strong></span> <span class='ocrx_word' id='word_1_99' title='bbox 1094 1543 1291 1631; x_wconf 90' lang='lat' dir='ltr'><strong>signumque)</strong></span> <span class='ocrx_word' id='word_1_100' title='bbox 1313 1545 1602 1629; x_wconf 87' lang='lat' dir='ltr'><strong>pronuntiatqueG</strong></span> 
     </span>
     <span class='ocr_line' id='line_1_11' title="bbox 341 1644 1601 1735; baseline -0.002 -21"><span class='ocrx_word' id='word_1_101' title='bbox 341 1688 382 1700; x_wconf 91' lang='lat'><em>-</em></span> <span class='ocrx_word' id='word_1_102' title='bbox 405 1650 631 1735; x_wconf 89' lang='lat' dir='ltr'><strong>proponit</strong></span> <span class='ocrx_word' id='word_1_103' title='bbox 654 1649 786 1728; x_wconf 78' lang='lat' dir='ltr'><strong>perfuga</strong></span> <span class='ocrx_word' id='word_1_104' title='bbox 813 1665 871 1708; x_wconf 85' lang='lat' dir='ltr'><strong>om.</strong></span> <span class='ocrx_word' id='word_1_105' title='bbox 895 1644 935 1709; x_wconf 87' lang='lat' dir='ltr'><strong>G.</strong></span> <span class='ocrx_word' id='word_1_106' title='bbox 963 1644 992 1708; x_wconf 91' lang='lat'><strong>6.</strong></span> <span class='ocrx_word' id='word_1_107' title='bbox 1017 1647 1099 1709; x_wconf 83' lang='lat' dir='ltr'><strong>sorte</strong></span> <span class='ocrx_word' id='word_1_108' title='bbox 1120 1645 1224 1710; x_wconf 89' lang='lat' dir='ltr'><strong>om.U</strong></span> <span class='ocrx_word' id='word_1_109' title='bbox 1246 1682 1285 1693; x_wconf 89' lang='lat'>—</span> <span class='ocrx_word' id='word_1_110' title='bbox 1304 1647 1601 1729; x_wconf 77' lang='lat' dir='ltr'><strong>quadragenariaeU</strong></span> 
     </span>
    </p>
   </div>
   <div class='ocr_carea' id='block_1_5' title="bbox 339 1762 1601 2774">
    <p class='ocr_par' dir='ltr' id='par_1_5' title="bbox 339 1762 1601 2774">
     <span class='ocr_line' id='line_1_12' title="bbox 346 1762 1599 1867; baseline -0.002 -20"><span class='ocrx_word' id='word_1_111' title='bbox 346 1823 387 1834; x_wconf 90' lang='lat'><em>-</em></span> <span class='ocrx_word' id='word_1_112' title='bbox 402 1786 564 1867; x_wconf 84' lang='lat' dir='ltr'><strong>profectas</strong></span> <span class='ocrx_word' id='word_1_113' title='bbox 584 1782 625 1856; x_wconf 91' lang='lat' dir='ltr'><strong>U,</strong></span> <span class='ocrx_word' id='word_1_114' title='bbox 647 1782 796 1862; x_wconf 81' lang='lat' dir='ltr'><strong>prolectae</strong></span> <span class='ocrx_word' id='word_1_115' title='bbox 815 1762 857 1843; x_wconf 59' lang='grc' dir='ltr'><strong>ἐἰ</strong></span> <span class='ocrx_word' id='word_1_116' title='bbox 881 1779 912 1843; x_wconf 88' lang='lat' dir='ltr'><strong>G</strong></span> <span class='ocrx_word' id='word_1_117' title='bbox 942 1816 979 1827; x_wconf 95' lang='lat'>-</span> <span class='ocrx_word' id='word_1_118' title='bbox 1013 1765 1107 1862; x_wconf 76' lang='lat' dir='ltr'><strong>signu</strong></span> <span class='ocrx_word' id='word_1_119' title='bbox 1121 1782 1151 1844; x_wconf 95' lang='lat' dir='ltr'><strong>U</strong></span> <span class='ocrx_word' id='word_1_120' title='bbox 1178 1815 1219 1828; x_wconf 94' lang='lat'><strong>-—</strong></span> <span class='ocrx_word' id='word_1_121' title='bbox 1244 1782 1386 1862; x_wconf 87' lang='lat' dir='ltr'><strong>prolerre</strong></span> <span class='ocrx_word' id='word_1_122' title='bbox 1407 1783 1438 1848; x_wconf 93' lang='lat' dir='ltr'><strong>U</strong></span> <span class='ocrx_word' id='word_1_123' title='bbox 1460 1817 1501 1829; x_wconf 91' lang='lat'>-</span> <span class='ocrx_word' id='word_1_124' title='bbox 1526 1783 1599 1846; x_wconf 93' lang='lat' dir='ltr'><strong>sub-</strong></span> 
     </span>
     <span class='ocr_line' id='line_1_13' title="bbox 341 1878 1601 1968; baseline -0.003 -18"><span class='ocrx_word' id='word_1_125' title='bbox 341 1887 497 1968; x_wconf 89' lang='lat' dir='ltr'><strong>sidiaque.</strong></span> <span class='ocrx_word' id='word_1_126' title='bbox 530 1878 560 1946; x_wconf 94' lang='grc'><strong>7.</strong></span> <span class='ocrx_word' id='word_1_127' title='bbox 582 1884 619 1945; x_wconf 89' lang='grc' dir='ltr'><strong>Τ.</strong></span> <span class='ocrx_word' id='word_1_128' title='bbox 642 1901 700 1943; x_wconf 89' lang='lat' dir='ltr'><strong>om.</strong></span> <span class='ocrx_word' id='word_1_129' title='bbox 732 1880 762 1944; x_wconf 89' lang='lat'><strong>8.</strong></span> <span class='ocrx_word' id='word_1_130' title='bbox 786 1881 928 1944; x_wconf 76' lang='lat' dir='ltr'><strong>alaribus</strong></span> <span class='ocrx_word' id='word_1_131' title='bbox 950 1918 990 1928; x_wconf 94' lang='lat'>—</span> <span class='ocrx_word' id='word_1_132' title='bbox 1012 1882 1086 1945; x_wconf 91' lang='lat' dir='ltr'><strong>inde</strong></span> <span class='ocrx_word' id='word_1_133' title='bbox 1108 1881 1333 1966; x_wconf 82' lang='lat' dir='ltr'><strong>interipsum)</strong></span> <span class='ocrx_word' id='word_1_134' title='bbox 1355 1883 1424 1963; x_wconf 90' lang='lat' dir='ltr'><strong>ipse</strong></span> <span class='ocrx_word' id='word_1_135' title='bbox 1446 1883 1530 1946; x_wconf 90' lang='lat' dir='ltr'><strong>inter</strong></span> <span class='ocrx_word' id='word_1_136' title='bbox 1550 1884 1601 1965; x_wconf 92' lang='lat' dir='ltr'><strong>ip·</strong></span> 
     </span>
     <span class='ocr_line' id='line_1_14' title="bbox 340 1981 1599 2067; baseline -0.005 -16"><span class='ocrx_word' id='word_1_137' title='bbox 340 2007 409 2051; x_wconf 88' lang='lat' dir='ltr'><strong>sam</strong></span> <span class='ocrx_word' id='word_1_138' title='bbox 437 2021 477 2032; x_wconf 91' lang='lat'>-</span> <span class='ocrx_word' id='word_1_139' title='bbox 504 1990 638 2067; x_wconf 75' lang='lat' dir='ltr'><strong>possent</strong></span> <span class='ocrx_word' id='word_1_140' title='bbox 664 2017 703 2027; x_wconf 89' lang='lat'>—</span> <span class='ocrx_word' id='word_1_141' title='bbox 732 1989 821 2044; x_wconf 90' lang='lat' dir='ltr'><strong>motu</strong></span> <span class='ocrx_word' id='word_1_142' title='bbox 843 1981 985 2063; x_wconf 88' lang='lat' dir='ltr'><strong>pulveris</strong></span> <span class='ocrx_word' id='word_1_143' title='bbox 1018 1982 1230 2045; x_wconf 78' lang='lat' dir='ltr'><strong>ostenderent.</strong></span> <span class='ocrx_word' id='word_1_144' title='bbox 1266 1983 1311 2046; x_wconf 91' lang='lat'><strong>10.</strong></span> <span class='ocrx_word' id='word_1_145' title='bbox 1335 2003 1368 2046; x_wconf 89' lang='lat' dir='ltr'><strong>re</strong></span> <span class='ocrx_word' id='word_1_146' title='bbox 1390 1984 1538 2066; x_wconf 84' lang='lat' dir='ltr'><strong>inquisite</strong></span> <span class='ocrx_word' id='word_1_147' title='bbox 1559 1986 1599 2049; x_wconf 93' lang='lat' dir='ltr'><strong>U.</strong></span> 
     </span>
     <span class='ocr_line' id='line_1_15' title="bbox 343 2081 1600 2168; baseline -0.004 -17"><span class='ocrx_word' id='word_1_148' title='bbox 343 2089 394 2151; x_wconf 92' lang='lat' dir='ltr'><strong>ll.</strong></span> <span class='ocrx_word' id='word_1_149' title='bbox 417 2085 559 2168; x_wconf 85' lang='lat' dir='ltr'><strong>recipiet.</strong></span> <span class='ocrx_word' id='word_1_150' title='bbox 595 2085 644 2146; x_wconf 83' lang='lat'><strong>12.</strong></span> <span class='ocrx_word' id='word_1_151' title='bbox 667 2081 730 2167; x_wconf 89' lang='lat' dir='ltr'><strong>uti)</strong></span> <span class='ocrx_word' id='word_1_152' title='bbox 759 2090 855 2146; x_wconf 89' lang='lat' dir='ltr'><strong>ut-</strong></span> <span class='ocrx_word' id='word_1_153' title='bbox 878 2083 1017 2146; x_wconf 89' lang='lat' dir='ltr'><strong>hostium</strong></span> <span class='ocrx_word' id='word_1_154' title='bbox 1048 2101 1178 2166; x_wconf 91' lang='lat' dir='ltr'><strong>quoqne.</strong></span> <span class='ocrx_word' id='word_1_155' title='bbox 1215 2085 1262 2146; x_wconf 90' lang='grc'><strong>14.</strong></span> <span class='ocrx_word' id='word_1_156' title='bbox 1289 2084 1431 2149; x_wconf 78' lang='lat' dir='ltr'><strong>adfuisse</strong></span> <span class='ocrx_word' id='word_1_157' title='bbox 1458 2085 1533 2147; x_wconf 93' lang='lat' dir='ltr'><strong>deos</strong></span> <span class='ocrx_word' id='word_1_158' title='bbox 1560 2082 1600 2149; x_wconf 90' lang='lat' dir='ltr'><strong>U.</strong></span> 
     </span>
     <span class='ocr_line' id='line_1_16' title="bbox 339 2181 1600 2266; baseline -0.005 -12"><span class='ocrx_word' id='word_1_159' title='bbox 339 2189 430 2255; x_wconf 87' lang='lat' dir='ltr'><strong>XLI.</strong></span> <span class='ocrx_word' id='word_1_160' title='bbox 456 2190 484 2251; x_wconf 92' lang='lat' dir='ltr'><strong>l.</strong></span> <span class='ocrx_word' id='word_1_161' title='bbox 507 2185 662 2266; x_wconf 88' lang='lat' dir='ltr'><strong>ardorque</strong></span> <span class='ocrx_word' id='word_1_162' title='bbox 685 2181 725 2246; x_wconf 88' lang='lat' dir='ltr'><strong>G.</strong></span> <span class='ocrx_word' id='word_1_163' title='bbox 747 2185 777 2245; x_wconf 83' lang='lat'><strong>2.</strong></span> <span class='ocrx_word' id='word_1_164' title='bbox 800 2201 999 2246; x_wconf 89' lang='lat' dir='ltr'><strong>romanorum</strong></span> <span class='ocrx_word' id='word_1_165' title='bbox 1023 2193 1117 2265; x_wconf 89' lang='lat' dir='ltr'><strong>atque</strong></span> <span class='ocrx_word' id='word_1_166' title='bbox 1139 2185 1299 2265; x_wconf 89' lang='lat' dir='ltr'><strong>impetum.</strong></span> <span class='ocrx_word' id='word_1_167' title='bbox 1321 2185 1349 2247; x_wconf 86' lang='lat'><strong>3.</strong></span> <span class='ocrx_word' id='word_1_168' title='bbox 1365 2185 1545 2249; x_wconf 88' lang='lat' dir='ltr'><strong>detestante</strong></span> <span class='ocrx_word' id='word_1_169' title='bbox 1560 2185 1600 2248; x_wconf 91' lang='lat' dir='ltr'><strong>U.</strong></span> 
     </span>
     <span class='ocr_line' id='line_1_17' title="bbox 340 2284 1600 2371; baseline -0.005 -17"><span class='ocrx_word' id='word_1_170' title='bbox 340 2291 369 2354; x_wconf 88' lang='lat'><strong>6.</strong></span> <span class='ocrx_word' id='word_1_171' title='bbox 393 2286 549 2371; x_wconf 88' lang='lat' dir='ltr'><strong>ingentis)</strong></span> <span class='ocrx_word' id='word_1_172' title='bbox 570 2284 713 2367; x_wconf 86' lang='lat' dir='ltr'><strong>urgentis</strong></span> <span class='ocrx_word' id='word_1_173' title='bbox 735 2284 766 2347; x_wconf 92' lang='lat' dir='ltr'><strong>U</strong></span> <span class='ocrx_word' id='word_1_174' title='bbox 790 2320 827 2330; x_wconf 89' lang='lat'><strong>-</strong></span> <span class='ocrx_word' id='word_1_175' title='bbox 852 2284 993 2347; x_wconf 88' lang='lat' dir='ltr'><strong>metium.</strong></span> <span class='ocrx_word' id='word_1_176' title='bbox 1016 2284 1045 2350; x_wconf 91' lang='lat'><strong>6.</strong></span> <span class='ocrx_word' id='word_1_177' title='bbox 1068 2284 1165 2347; x_wconf 89' lang='lat' dir='ltr'><strong>altior</strong></span> <span class='ocrx_word' id='word_1_178' title='bbox 1187 2285 1369 2368; x_wconf 87' lang='lat' dir='ltr'><strong>densiorque</strong></span> <span class='ocrx_word' id='word_1_179' title='bbox 1388 2287 1425 2362; x_wconf 91' lang='lat' dir='ltr'><strong>U,</strong></span> <span class='ocrx_word' id='word_1_180' title='bbox 1446 2286 1600 2368; x_wconf 76' lang='lat' dir='ltr'><strong>altiorque</strong></span> 
     </span>
     <span class='ocr_line' id='line_1_18' title="bbox 340 2382 1599 2470; baseline -0.005 -14"><span class='ocrx_word' id='word_1_181' title='bbox 340 2391 380 2456; x_wconf 88' lang='lat' dir='ltr'><strong>G.</strong></span> <span class='ocrx_word' id='word_1_182' title='bbox 403 2386 433 2454; x_wconf 91' lang='grc'><strong>7.</strong></span> <span class='ocrx_word' id='word_1_183' title='bbox 456 2385 610 2470; x_wconf 88' lang='lat' dir='ltr'><strong>errorem)</strong></span> <span class='ocrx_word' id='word_1_184' title='bbox 632 2393 787 2448; x_wconf 90' lang='lat' dir='ltr'><strong>terrorem</strong></span> <span class='ocrx_word' id='word_1_185' title='bbox 805 2382 836 2447; x_wconf 87' lang='lat' dir='ltr'><strong>G</strong></span> <span class='ocrx_word' id='word_1_186' title='bbox 853 2420 893 2431; x_wconf 90' lang='lat'>—</span> <span class='ocrx_word' id='word_1_187' title='bbox 914 2387 1087 2448; x_wconf 87' lang='lat' dir='ltr'><strong>accederet.</strong></span> <span class='ocrx_word' id='word_1_188' title='bbox 1116 2385 1146 2447; x_wconf 90' lang='grc'><strong>8.</strong></span> <span class='ocrx_word' id='word_1_189' title='bbox 1168 2386 1240 2449; x_wconf 89' lang='lat' dir='ltr'><strong>inde</strong></span> <span class='ocrx_word' id='word_1_190' title='bbox 1259 2409 1316 2451; x_wconf 87' lang='lat' dir='ltr'><strong>om.</strong></span> <span class='ocrx_word' id='word_1_191' title='bbox 1335 2385 1415 2449; x_wconf 80' lang='lat' dir='ltr'><strong>G-</strong></span> <span class='ocrx_word' id='word_1_192' title='bbox 1430 2387 1599 2469; x_wconf 86' lang='lat' dir='ltr'><strong>quanticu-</strong></span> 
     </span>
     <span class='ocr_line' id='line_1_19' title="bbox 340 2485 1601 2570; baseline -0.006 -13"><span class='ocrx_word' id='word_1_193' title='bbox 340 2501 404 2557; x_wconf 89' lang='lat' dir='ltr'><strong>tem</strong></span> <span class='ocrx_word' id='word_1_194' title='bbox 417 2489 458 2556; x_wconf 88' lang='lat' dir='ltr'><strong>G.</strong></span> <span class='ocrx_word' id='word_1_195' title='bbox 481 2489 510 2554; x_wconf 87' lang='lat'><strong>9.</strong></span> <span class='ocrx_word' id='word_1_196' title='bbox 534 2507 574 2550; x_wconf 86' lang='lat' dir='ltr'><strong>ex</strong></span> <span class='ocrx_word' id='word_1_197' title='bbox 596 2496 693 2550; x_wconf 87' lang='lat' dir='ltr'><strong>antea</strong></span> <span class='ocrx_word' id='word_1_198' title='bbox 715 2485 754 2549; x_wconf 91' lang='lat' dir='ltr'><strong>G.</strong></span> <span class='ocrx_word' id='word_1_199' title='bbox 779 2486 833 2547; x_wconf 86' lang='lat'><strong>10.</strong></span> <span class='ocrx_word' id='word_1_200' title='bbox 849 2485 936 2548; x_wconf 88' lang='lat' dir='ltr'><strong>victa</strong></span> <span class='ocrx_word' id='word_1_201' title='bbox 957 2487 1000 2548; x_wconf 87' lang='lat' dir='ltr'><strong>vi.</strong></span> <span class='ocrx_word' id='word_1_202' title='bbox 1025 2487 1073 2549; x_wconf 92' lang='lat' dir='ltr'><strong>ll.</strong></span> <span class='ocrx_word' id='word_1_203' title='bbox 1096 2485 1129 2549; x_wconf 91' lang='lat' dir='ltr'><strong>in</strong></span> <span class='ocrx_word' id='word_1_204' title='bbox 1152 2495 1256 2550; x_wconf 88' lang='lat' dir='ltr'><strong>castra</strong></span> <span class='ocrx_word' id='word_1_205' title='bbox 1271 2488 1313 2550; x_wconf 86' lang='lat' dir='ltr'><strong>ad</strong></span> <span class='ocrx_word' id='word_1_206' title='bbox 1333 2523 1374 2534; x_wconf 89' lang='lat'><strong>-—</strong></span> <span class='ocrx_word' id='word_1_207' title='bbox 1392 2489 1601 2570; x_wconf 83' lang='lat' dir='ltr'><strong>profugerunt</strong></span> 
     </span>
     <span class='ocr_line' id='line_1_20' title="bbox 341 2587 1599 2672; baseline -0.002 -19"><span class='ocrx_word' id='word_1_208' title='bbox 341 2596 372 2659; x_wconf 89' lang='lat' dir='ltr'><strong>U</strong></span> <span class='ocrx_word' id='word_1_209' title='bbox 394 2627 441 2639; x_wconf 93' lang='lat'>—</span> <span class='ocrx_word' id='word_1_210' title='bbox 465 2591 563 2672; x_wconf 86' lang='lat' dir='ltr'><strong>pedes</strong></span> <span class='ocrx_word' id='word_1_211' title='bbox 584 2608 622 2651; x_wconf 91' lang='lat' dir='ltr'><strong>ac</strong></span> <span class='ocrx_word' id='word_1_212' title='bbox 644 2587 779 2650; x_wconf 86' lang='lat' dir='ltr'><strong>diversa.</strong></span> <span class='ocrx_word' id='word_1_213' title='bbox 804 2587 852 2648; x_wconf 88' lang='grc'><strong>13.</strong></span> <span class='ocrx_word' id='word_1_214' title='bbox 874 2587 976 2670; x_wconf 87' lang='lat' dir='ltr'><strong>urbis)</strong></span> <span class='ocrx_word' id='word_1_215' title='bbox 1000 2587 1087 2650; x_wconf 91' lang='lat' dir='ltr'><strong>orbis</strong></span> <span class='ocrx_word' id='word_1_216' title='bbox 1108 2589 1149 2651; x_wconf 93' lang='lat' dir='ltr'><strong>U.</strong></span> <span class='ocrx_word' id='word_1_217' title='bbox 1173 2589 1221 2650; x_wconf 89' lang='grc'><strong>14.</strong></span> <span class='ocrx_word' id='word_1_218' title='bbox 1245 2589 1298 2670; x_wconf 94' lang='lat' dir='ltr'><strong>qni</strong></span> <span class='ocrx_word' id='word_1_219' title='bbox 1320 2589 1403 2652; x_wconf 85' lang='lat' dir='ltr'><strong>ciros</strong></span> <span class='ocrx_word' id='word_1_220' title='bbox 1429 2625 1470 2635; x_wconf 91' lang='lat'>—</span> <span class='ocrx_word' id='word_1_221' title='bbox 1496 2597 1599 2653; x_wconf 86' lang='lat' dir='ltr'><strong>muros</strong></span> 
     </span>
     <span class='ocr_line' id='line_1_21' title="bbox 340 2685 1600 2774; baseline -0.006 -15"><span class='ocrx_word' id='word_1_222' title='bbox 340 2711 492 2774; x_wconf 83' lang='lat' dir='ltr'><strong>occupare</strong></span> <span class='ocrx_word' id='word_1_223' title='bbox 514 2695 721 2772; x_wconf 85' lang='lat' dir='ltr'><strong>penetravere</strong></span> <span class='ocrx_word' id='word_1_224' title='bbox 743 2687 773 2750; x_wconf 92' lang='lat' dir='ltr'><strong>U</strong></span> <span class='ocrx_word' id='word_1_225' title='bbox 789 2721 828 2733; x_wconf 83' lang='lat'><strong>-</strong></span> <span class='ocrx_word' id='word_1_226' title='bbox 844 2687 998 2754; x_wconf 85' lang='lat' dir='ltr'><strong>interiora</strong></span> <span class='ocrx_word' id='word_1_227' title='bbox 1012 2686 1087 2772; x_wconf 90' lang='lat' dir='ltr'><strong>(om.</strong></span> <span class='ocrx_word' id='word_1_228' title='bbox 1101 2685 1163 2772; x_wconf 91' lang='lat' dir='ltr'><strong>in).</strong></span> <span class='ocrx_word' id='word_1_229' title='bbox 1206 2689 1313 2754; x_wconf 90' lang='lat' dir='ltr'><strong>XLII.</strong></span> <span class='ocrx_word' id='word_1_230' title='bbox 1329 2691 1358 2752; x_wconf 84' lang='lat'><strong>2.</strong></span> <span class='ocrx_word' id='word_1_231' title='bbox 1381 2696 1488 2753; x_wconf 83' lang='lat' dir='ltr'><strong>oestro</strong></span> <span class='ocrx_word' id='word_1_232' title='bbox 1505 2696 1600 2770; x_wconf 86' lang='lat' dir='ltr'><strong>capta</strong></span> 
     </span>
    </p>
   </div>
   <div class='ocr_carea' id='block_1_6' title="bbox 340 2807 1602 3010">
    <p class='ocr_par' dir='ltr' id='par_1_6' title="bbox 340 2807 1602 3010">
     <span class='ocr_line' id='line_1_22' title="bbox 340 2807 1599 2908; baseline -0.002 -19"><span class='ocrx_word' id='word_1_233' title='bbox 340 2829 382 2894; x_wconf 89' lang='lat' dir='ltr'><strong>U.</strong></span> <span class='ocrx_word' id='word_1_234' title='bbox 404 2827 432 2889; x_wconf 93' lang='grc'><strong>3.</strong></span> <span class='ocrx_word' id='word_1_235' title='bbox 456 2821 599 2908; x_wconf 87' lang='lat' dir='ltr'><strong>evectus)</strong></span> <span class='ocrx_word' id='word_1_236' title='bbox 613 2819 833 2906; x_wconf 90' lang='lat' dir='ltr'><strong>-quoniam)</strong></span> <span class='ocrx_word' id='word_1_237' title='bbox 856 2807 898 2904; x_wconf 83' lang='lat' dir='ltr'><strong>qn</strong></span> <span class='ocrx_word' id='word_1_238' title='bbox 921 2824 952 2886; x_wconf 93' lang='lat' dir='ltr'><strong>U</strong></span> <span class='ocrx_word' id='word_1_239' title='bbox 978 2859 1019 2869; x_wconf 96' lang='lat'>—</span> <span class='ocrx_word' id='word_1_240' title='bbox 1044 2822 1078 2885; x_wconf 89' lang='lat' dir='ltr'><strong>in</strong></span> <span class='ocrx_word' id='word_1_241' title='bbox 1107 2823 1216 2886; x_wconf 90' lang='lat' dir='ltr'><strong>urbem</strong></span> <span class='ocrx_word' id='word_1_242' title='bbox 1245 2823 1319 2894; x_wconf 84' lang='lat' dir='ltr'><strong>lerri</strong></span> <span class='ocrx_word' id='word_1_243' title='bbox 1340 2823 1381 2886; x_wconf 91' lang='lat' dir='ltr'><strong>U.</strong></span> <span class='ocrx_word' id='word_1_244' title='bbox 1403 2824 1433 2886; x_wconf 83' lang='lat'><strong>4.</strong></span> <span class='ocrx_word' id='word_1_245' title='bbox 1457 2823 1599 2906; x_wconf 87' lang='lat' dir='ltr'><strong>proxima</strong></span> 
     </span>
     <span class='ocr_line' id='line_1_23' title="bbox 341 2922 1602 3010; baseline -0.006 -17"><span class='ocrx_word' id='word_1_246' title='bbox 341 2949 381 2993; x_wconf 86' lang='lat' dir='ltr'><strong>ex</strong></span> <span class='ocrx_word' id='word_1_247' title='bbox 402 2933 494 3010; x_wconf 86' lang='lat' dir='ltr'><strong>parte</strong></span> <span class='ocrx_word' id='word_1_248' title='bbox 516 2923 556 3000; x_wconf 87' lang='lat' dir='ltr'><strong>G,</strong></span> <span class='ocrx_word' id='word_1_249' title='bbox 588 2943 627 2987; x_wconf 86' lang='lat' dir='ltr'><strong>ex</strong></span> <span class='ocrx_word' id='word_1_250' title='bbox 656 2930 748 3005; x_wconf 84' lang='lat' dir='ltr'><strong>parte</strong></span> <span class='ocrx_word' id='word_1_251' title='bbox 776 2923 922 3004; x_wconf 86' lang='lat' dir='ltr'><strong>proxima</strong></span> <span class='ocrx_word' id='word_1_252' title='bbox 944 2924 975 2987; x_wconf 93' lang='lat' dir='ltr'><strong>U</strong></span> <span class='ocrx_word' id='word_1_253' title='bbox 1001 2959 1041 2970; x_wconf 90' lang='lat'><em>-</em></span> <span class='ocrx_word' id='word_1_254' title='bbox 1068 2924 1226 2988; x_wconf 89' lang='lat' dir='ltr'><strong>desertum</strong></span> <span class='ocrx_word' id='word_1_255' title='bbox 1248 2923 1323 3010; x_wconf 86' lang='lat' dir='ltr'><strong>(om.</strong></span> <span class='ocrx_word' id='word_1_256' title='bbox 1346 2922 1411 3009; x_wconf 87' lang='lat' dir='ltr'><strong>est)</strong></span> <span class='ocrx_word' id='word_1_257' title='bbox 1432 2925 1472 2989; x_wconf 94' lang='lat' dir='ltr'><strong>U.</strong></span> <span class='ocrx_word' id='word_1_258' title='bbox 1506 2924 1535 2988; x_wconf 87' lang='lat'><strong>6.</strong></span> <span class='ocrx_word' id='word_1_259' title='bbox 1557 2923 1602 2987; x_wconf 84' lang='lat' dir='ltr'><strong>ed</strong></span> 
     </span>
    </p>
   </div>
   <div class='ocr_carea' id='block_1_7' title="bbox 337 3043 1599 3442">
    <p class='ocr_par' dir='ltr' id='par_1_7' title="bbox 337 3043 1599 3442">
     <span class='ocr_line' id='line_1_24' title="bbox 340 3043 1599 3148; baseline -0.002 -21"><span class='ocrx_word' id='word_1_260' title='bbox 340 3061 513 3148; x_wconf 89' lang='lat' dir='ltr'><strong>quiloniam</strong></span> <span class='ocrx_word' id='word_1_261' title='bbox 553 3057 584 3122; x_wconf 87' lang='lat' dir='ltr'><strong>G</strong></span> <span class='ocrx_word' id='word_1_262' title='bbox 615 3094 656 3105; x_wconf 99' lang='lat'>—</span> <span class='ocrx_word' id='word_1_263' title='bbox 689 3057 820 3142; x_wconf 85' lang='lat' dir='ltr'><strong>viginti)</strong></span> <span class='ocrx_word' id='word_1_264' title='bbox 855 3073 937 3120; x_wconf 85' lang='lat' dir='ltr'><strong>xxx</strong></span> <span class='ocrx_word' id='word_1_265' title='bbox 970 3059 1000 3127; x_wconf 91' lang='lat' dir='ltr'><strong>U</strong></span> <span class='ocrx_word' id='word_1_266' title='bbox 1035 3093 1081 3104; x_wconf 90' lang='lat'><strong>—</strong></span> <span class='ocrx_word' id='word_1_267' title='bbox 1112 3043 1166 3120; x_wconf 75' lang='lat' dir='ltr'><strong>fix</strong></span> <span class='ocrx_word' id='word_1_268' title='bbox 1192 3058 1255 3123; x_wconf 91' lang='lat' dir='ltr'><strong>mil.</strong></span> <span class='ocrx_word' id='word_1_269' title='bbox 1279 3077 1356 3122; x_wconf 87' lang='lat' dir='ltr'><strong>oceo.</strong></span> <span class='ocrx_word' id='word_1_270' title='bbox 1381 3057 1411 3122; x_wconf 92' lang='lat' dir='ltr'><strong>G</strong></span> <span class='ocrx_word' id='word_1_271' title='bbox 1436 3094 1477 3106; x_wconf 90' lang='lat'><em>-</em></span> <span class='ocrx_word' id='word_1_272' title='bbox 1504 3067 1599 3142; x_wconf 81' lang='lat' dir='ltr'><strong>cepta</strong></span> 
     </span>
     <span class='ocr_line' id='line_1_25' title="bbox 339 3156 1598 3248; baseline -0.005 -20"><span class='ocrx_word' id='word_1_273' title='bbox 339 3170 491 3248; x_wconf 89' lang='lat' dir='ltr'><strong>quattuor</strong></span> <span class='ocrx_word' id='word_1_274' title='bbox 512 3160 553 3235; x_wconf 89' lang='lat' dir='ltr'><strong>U,</strong></span> <span class='ocrx_word' id='word_1_275' title='bbox 576 3159 661 3241; x_wconf 90' lang='lat' dir='ltr'><strong>capti</strong></span> <span class='ocrx_word' id='word_1_276' title='bbox 682 3173 735 3222; x_wconf 88' lang='lat'>1111</span> <span class='ocrx_word' id='word_1_277' title='bbox 757 3157 788 3221; x_wconf 88' lang='lat' dir='ltr'><strong>G</strong></span> <span class='ocrx_word' id='word_1_278' title='bbox 811 3194 849 3204; x_wconf 94' lang='lat'>-</span> <span class='ocrx_word' id='word_1_279' title='bbox 873 3158 1060 3243; x_wconf 79' lang='lat' dir='ltr'><strong>octingenti)</strong></span> <span class='ocrx_word' id='word_1_280' title='bbox 1080 3173 1145 3226; x_wconf 86' lang='lat' dir='ltr'><strong>vm</strong></span> <span class='ocrx_word' id='word_1_281' title='bbox 1166 3160 1207 3224; x_wconf 93' lang='lat' dir='ltr'><strong>U.</strong></span> <span class='ocrx_word' id='word_1_282' title='bbox 1234 3157 1264 3224; x_wconf 93' lang='lat'><strong>6.</strong></span> <span class='ocrx_word' id='word_1_283' title='bbox 1286 3159 1416 3241; x_wconf 89' lang='lat' dir='ltr'><strong>gerendi</strong></span> <span class='ocrx_word' id='word_1_284' title='bbox 1438 3160 1494 3224; x_wconf 89' lang='lat' dir='ltr'><strong>rei.</strong></span> <span class='ocrx_word' id='word_1_285' title='bbox 1527 3156 1555 3224; x_wconf 89' lang='grc'><strong>7.</strong></span> <span class='ocrx_word' id='word_1_286' title='bbox 1577 3179 1598 3222; x_wconf 91' lang='lat' dir='ltr'><strong>a</strong></span> 
     </span>
     <span class='ocr_line' id='line_1_26' title="bbox 337 3258 1597 3348; baseline -0.003 -20"><span class='ocrx_word' id='word_1_287' title='bbox 337 3263 477 3348; x_wconf 91' lang='lat' dir='ltr'><strong>proelio)</strong></span> <span class='ocrx_word' id='word_1_288' title='bbox 504 3259 643 3344; x_wconf 87' lang='lat' dir='ltr'><strong>periculo</strong></span> <span class='ocrx_word' id='word_1_289' title='bbox 667 3261 697 3324; x_wconf 92' lang='lat' dir='ltr'><strong>U</strong></span> <span class='ocrx_word' id='word_1_290' title='bbox 728 3294 766 3305; x_wconf 88' lang='lat'><em>-</em></span> <span class='ocrx_word' id='word_1_291' title='bbox 795 3259 856 3322; x_wconf 90' lang='lat' dir='ltr'><strong>diis</strong></span> <span class='ocrx_word' id='word_1_292' title='bbox 885 3295 922 3305; x_wconf 94' lang='lat'>-</span> <span class='ocrx_word' id='word_1_293' title='bbox 951 3259 1034 3344; x_wconf 91' lang='lat' dir='ltr'><strong>mos)</strong></span> <span class='ocrx_word' id='word_1_294' title='bbox 1056 3279 1139 3322; x_wconf 91' lang='lat' dir='ltr'><strong>mors</strong></span> <span class='ocrx_word' id='word_1_295' title='bbox 1163 3258 1194 3322; x_wconf 91' lang='lat' dir='ltr'><strong>G</strong></span> <span class='ocrx_word' id='word_1_296' title='bbox 1221 3297 1268 3308; x_wconf 89' lang='lat'><em>-</em></span> <span class='ocrx_word' id='word_1_297' title='bbox 1297 3261 1431 3324; x_wconf 85' lang='lat' dir='ltr'><strong>fudisset</strong></span> <span class='ocrx_word' id='word_1_298' title='bbox 1459 3261 1597 3344; x_wconf 80' lang='lat' dir='ltr'><strong>legiones</strong></span> 
     </span>
     <span class='ocr_line' id='line_1_27' title="bbox 337 3347 1597 3442; baseline -0.002 -14"><span class='ocrx_word' id='word_1_299' title='bbox 337 3363 477 3428; x_wconf 90' lang='lat' dir='ltr'><strong>hostium</strong></span> <span class='ocrx_word' id='word_1_300' title='bbox 501 3360 533 3425; x_wconf 92' lang='lat' dir='ltr'><strong>G</strong></span> <span class='ocrx_word' id='word_1_301' title='bbox 554 3395 594 3406; x_wconf 95' lang='lat'>-</span> <span class='ocrx_word' id='word_1_302' title='bbox 616 3359 762 3442; x_wconf 84' lang='lat' dir='ltr'><strong>pocillum</strong></span> <span class='ocrx_word' id='word_1_303' title='bbox 784 3360 877 3424; x_wconf 91' lang='lat' dir='ltr'><strong>mulsi</strong></span> <span class='ocrx_word' id='word_1_304' title='bbox 900 3360 941 3436; x_wconf 92' lang='lat' dir='ltr'><strong>G,</strong></span> <span class='ocrx_word' id='word_1_305' title='bbox 964 3361 1126 3442; x_wconf 86' lang='lat' dir='ltr'><strong>proculum</strong></span> <span class='ocrx_word' id='word_1_306' title='bbox 1149 3361 1240 3425; x_wconf 90' lang='lat' dir='ltr'><strong>mulis</strong></span> <span class='ocrx_word' id='word_1_307' title='bbox 1262 3362 1293 3427; x_wconf 97' lang='lat' dir='ltr'><strong>U</strong></span> <span class='ocrx_word' id='word_1_308' title='bbox 1313 3399 1353 3410; x_wconf 91' lang='lat'>—</span> <span class='ocrx_word' id='word_1_309' title='bbox 1370 3347 1443 3425; x_wconf 76' lang='lat' dir='ltr'><strong>diis</strong></span> <span class='ocrx_word' id='word_1_310' title='bbox 1476 3362 1597 3428; x_wconf 86' lang='lat' dir='ltr'><strong>XLIII.</strong></span> 
     </span>
    </p>
   </div>
   <div class='ocr_carea' id='block_1_8' title="bbox 337 3483 1597 3885">
    <p class='ocr_par' dir='ltr' id='par_1_8' title="bbox 337 3483 1597 3885">
     <span class='ocr_line' id='line_1_28' title="bbox 342 3483 1595 3577; baseline -0.002 -14"><span class='ocrx_word' id='word_1_311' title='bbox 342 3500 368 3563; x_wconf 93' lang='lat' dir='ltr'><strong>l.</strong></span> <span class='ocrx_word' id='word_1_312' title='bbox 387 3483 566 3562; x_wconf 72' lang='lat' dir='ltr'><strong>odmininm.</strong></span> <span class='ocrx_word' id='word_1_313' title='bbox 599 3497 629 3557; x_wconf 95' lang='grc'><strong>2.</strong></span> <span class='ocrx_word' id='word_1_314' title='bbox 652 3495 781 3558; x_wconf 86' lang='lat' dir='ltr'><strong>dantem</strong></span> <span class='ocrx_word' id='word_1_315' title='bbox 804 3514 871 3558; x_wconf 90' lang='lat' dir='ltr'><strong>cum</strong></span> <span class='ocrx_word' id='word_1_316' title='bbox 893 3531 934 3542; x_wconf 89' lang='lat'>-</span> <span class='ocrx_word' id='word_1_317' title='bbox 957 3513 976 3558; x_wconf 83' lang='lat' dir='ltr'><strong>e</strong></span> <span class='ocrx_word' id='word_1_318' title='bbox 998 3495 1119 3576; x_wconf 87' lang='lat' dir='ltr'><strong>collega</strong></span> <span class='ocrx_word' id='word_1_319' title='bbox 1139 3494 1180 3568; x_wconf 92' lang='lat' dir='ltr'><strong>G,</strong></span> <span class='ocrx_word' id='word_1_320' title='bbox 1203 3495 1329 3577; x_wconf 74' lang='lat' dir='ltr'><strong>collegae</strong></span> <span class='ocrx_word' id='word_1_321' title='bbox 1351 3496 1391 3560; x_wconf 93' lang='lat' dir='ltr'><strong>U.</strong></span> <span class='ocrx_word' id='word_1_322' title='bbox 1424 3498 1453 3560; x_wconf 86' lang='lat'><strong>3.</strong></span> <span class='ocrx_word' id='word_1_323' title='bbox 1476 3497 1516 3560; x_wconf 92' lang='lat' dir='ltr'><strong>D.</strong></span> <span class='ocrx_word' id='word_1_324' title='bbox 1538 3517 1595 3560; x_wconf 88' lang='lat' dir='ltr'><strong>om.</strong></span> 
     </span>
     <span class='ocr_line' id='line_1_29' title="bbox 338 3592 1597 3679; baseline -0.003 -15"><span class='ocrx_word' id='word_1_325' title='bbox 338 3597 369 3665; x_wconf 87' lang='lat' dir='ltr'><strong>G</strong></span> <span class='ocrx_word' id='word_1_326' title='bbox 391 3635 438 3646; x_wconf 90' lang='lat'><strong>--</strong></span> <span class='ocrx_word' id='word_1_327' title='bbox 462 3605 495 3661; x_wconf 89' lang='lat' dir='ltr'><strong>et</strong></span> <span class='ocrx_word' id='word_1_328' title='bbox 515 3593 638 3678; x_wconf 89' lang='lat' dir='ltr'><strong>decem)</strong></span> <span class='ocrx_word' id='word_1_329' title='bbox 661 3603 694 3658; x_wconf 88' lang='lat' dir='ltr'><strong>et</strong></span> <span class='ocrx_word' id='word_1_330' title='bbox 714 3595 830 3675; x_wconf 85' lang='lat' dir='ltr'><strong>viginti</strong></span> <span class='ocrx_word' id='word_1_331' title='bbox 854 3597 894 3660; x_wconf 95' lang='lat' dir='ltr'><strong>U.</strong></span> <span class='ocrx_word' id='word_1_332' title='bbox 916 3596 946 3657; x_wconf 87' lang='grc'><strong>4.</strong></span> <span class='ocrx_word' id='word_1_333' title='bbox 968 3595 999 3659; x_wconf 93' lang='lat' dir='ltr'><strong>in</strong></span> <span class='ocrx_word' id='word_1_334' title='bbox 1021 3592 1108 3679; x_wconf 90' lang='lat' dir='ltr'><strong>loco)</strong></span> <span class='ocrx_word' id='word_1_335' title='bbox 1130 3596 1198 3658; x_wconf 93' lang='lat' dir='ltr'><strong>loco</strong></span> <span class='ocrx_word' id='word_1_336' title='bbox 1220 3631 1261 3642; x_wconf 89' lang='lat'>-</span> <span class='ocrx_word' id='word_1_337' title='bbox 1283 3598 1419 3660; x_wconf 84' lang='lat' dir='ltr'><strong>conferri</strong></span> <span class='ocrx_word' id='word_1_338' title='bbox 1439 3597 1480 3662; x_wconf 88' lang='lat' dir='ltr'><strong>G.</strong></span> <span class='ocrx_word' id='word_1_339' title='bbox 1501 3597 1530 3661; x_wconf 92' lang='grc'><strong>5.</strong></span> <span class='ocrx_word' id='word_1_340' title='bbox 1546 3595 1597 3662; x_wconf 89' lang='lat' dir='ltr'><strong>vi·</strong></span> 
     </span>
     <span class='ocr_line' id='line_1_30' title="bbox 338 3691 1595 3782; baseline -0.002 -18"><span class='ocrx_word' id='word_1_341' title='bbox 338 3699 456 3764; x_wconf 88' lang='lat' dir='ltr'><strong>debant</strong></span> <span class='ocrx_word' id='word_1_342' title='bbox 477 3700 517 3762; x_wconf 95' lang='lat' dir='ltr'><strong>U.</strong></span> <span class='ocrx_word' id='word_1_343' title='bbox 551 3695 581 3759; x_wconf 89' lang='grc'><strong>6.</strong></span> <span class='ocrx_word' id='word_1_344' title='bbox 604 3715 644 3759; x_wconf 82' lang='lat' dir='ltr'><strong>ex</strong></span> <span class='ocrx_word' id='word_1_345' title='bbox 665 3691 853 3778; x_wconf 88' lang='lat' dir='ltr'><strong>intervallo)</strong></span> <span class='ocrx_word' id='word_1_346' title='bbox 882 3695 1057 3760; x_wconf 82' lang='lat' dir='ltr'><strong>exterrallo</strong></span> <span class='ocrx_word' id='word_1_347' title='bbox 1089 3733 1130 3744; x_wconf 93' lang='lat'><em>-</em></span> <span class='ocrx_word' id='word_1_348' title='bbox 1156 3696 1396 3777; x_wconf 88' lang='lat' dir='ltr'><strong>gerebanturG</strong></span> <span class='ocrx_word' id='word_1_349' title='bbox 1422 3735 1463 3746; x_wconf 91' lang='lat'>-</span> <span class='ocrx_word' id='word_1_350' title='bbox 1488 3706 1521 3762; x_wconf 87' lang='lat' dir='ltr'><strong>et</strong></span> <span class='ocrx_word' id='word_1_351' title='bbox 1543 3699 1595 3782; x_wconf 93' lang='lat' dir='ltr'><strong>qui</strong></span> 
     </span>
     <span class='ocr_line' id='line_1_31' title="bbox 337 3795 1596 3885; baseline -0.001 -21"><span class='ocrx_word' id='word_1_352' title='bbox 337 3803 378 3878; x_wconf 94' lang='lat' dir='ltr'><strong>U,</strong></span> <span class='ocrx_word' id='word_1_353' title='bbox 401 3807 434 3864; x_wconf 91' lang='lat' dir='ltr'><strong>et</strong></span> <span class='ocrx_word' id='word_1_354' title='bbox 456 3817 515 3882; x_wconf 91' lang='lat' dir='ltr'><strong>que</strong></span> <span class='ocrx_word' id='word_1_355' title='bbox 537 3797 567 3861; x_wconf 90' lang='lat' dir='ltr'><strong>G</strong></span> <span class='ocrx_word' id='word_1_356' title='bbox 589 3833 628 3844; x_wconf 84' lang='lat'>-</span> <span class='ocrx_word' id='word_1_357' title='bbox 650 3797 719 3860; x_wconf 86' lang='lat' dir='ltr'><strong>loeo</strong></span> <span class='ocrx_word' id='word_1_358' title='bbox 742 3814 778 3878; x_wconf 91' lang='lat' dir='ltr'><strong>q;</strong></span> <span class='ocrx_word' id='word_1_359' title='bbox 801 3796 903 3880; x_wconf 91' lang='lat' dir='ltr'><strong>magis</strong></span> <span class='ocrx_word' id='word_1_360' title='bbox 926 3797 971 3861; x_wconf 90' lang='lat' dir='ltr'><strong>uti</strong></span> <span class='ocrx_word' id='word_1_361' title='bbox 993 3804 1083 3862; x_wconf 87' lang='lat' dir='ltr'><strong>erant</strong></span> <span class='ocrx_word' id='word_1_362' title='bbox 1105 3797 1183 3860; x_wconf 86' lang='lat' dir='ltr'><strong>victi</strong></span> <span class='ocrx_word' id='word_1_363' title='bbox 1206 3795 1245 3862; x_wconf 87' lang='lat' dir='ltr'><strong>G.</strong></span> <span class='ocrx_word' id='word_1_364' title='bbox 1267 3797 1297 3861; x_wconf 91' lang='lat'><strong>8.</strong></span> <span class='ocrx_word' id='word_1_365' title='bbox 1320 3799 1508 3885; x_wconf 79' lang='lat' dir='ltr'><strong>octingenti)</strong></span> <span class='ocrx_word' id='word_1_366' title='bbox 1524 3819 1596 3864; x_wconf 90' lang='lat' dir='ltr'><strong>aooc</strong></span> 
     </span>
    </p>
   </div>
   <div class='ocr_carea' id='block_1_9' title="bbox 338 3915 1595 4016">
    <p class='ocr_par' dir='ltr' id='par_1_9' title="bbox 338 3915 1595 4016">
     <span class='ocr_line' id='line_1_32' title="bbox 338 3915 1595 4016; baseline 0 -18"><span class='ocrx_word' id='word_1_367' title='bbox 338 3971 385 3982; x_wconf 92' lang='lat'><em>-</em></span> <span class='ocrx_word' id='word_1_368' title='bbox 407 3931 582 3998; x_wconf 90' lang='lat' dir='ltr'><strong>consulum.</strong></span> <span class='ocrx_word' id='word_1_369' title='bbox 606 3928 635 3996; x_wconf 89' lang='grc'><strong>9.</strong></span> <span class='ocrx_word' id='word_1_370' title='bbox 658 3929 775 4014; x_wconf 91' lang='lat' dir='ltr'><strong>medio)</strong></span> <span class='ocrx_word' id='word_1_371' title='bbox 799 3915 818 3994; x_wconf 81' lang='lat' dir='ltr'><strong>i&#39;</strong></span> <span class='ocrx_word' id='word_1_372' title='bbox 833 3931 904 3996; x_wconf 92' lang='lat' dir='ltr'><strong>edio</strong></span> <span class='ocrx_word' id='word_1_373' title='bbox 928 3931 959 3996; x_wconf 90' lang='lat' dir='ltr'><strong>G</strong></span> <span class='ocrx_word' id='word_1_374' title='bbox 982 3967 1028 3978; x_wconf 90' lang='lat'><em>-</em></span> <span class='ocrx_word' id='word_1_375' title='bbox 1051 3932 1141 3996; x_wconf 89' lang='lat' dir='ltr'><strong>milia</strong></span> <span class='ocrx_word' id='word_1_376' title='bbox 1162 3952 1311 4016; x_wconf 89' lang='lat' dir='ltr'><strong>passuum</strong></span> <span class='ocrx_word' id='word_1_377' title='bbox 1323 3931 1364 4008; x_wconf 89' lang='lat' dir='ltr'><strong>G,</strong></span> <span class='ocrx_word' id='word_1_378' title='bbox 1386 3920 1504 3998; x_wconf 74' lang='lat' dir='ltr'><strong>milium</strong></span> <span class='ocrx_word' id='word_1_379' title='bbox 1519 3953 1595 4016; x_wconf 90' lang='lat' dir='ltr'><strong>pas-</strong></span> 
     </span>
    </p>
   </div>
   <div class='ocr_carea' id='block_1_10' title="bbox 336 4050 1595 4759">
    <p class='ocr_par' dir='ltr' id='par_1_10' title="bbox 336 4050 1595 4759">
     <span class='ocr_line' id='line_1_33' title="bbox 336 4050 1595 4151; baseline -0.001 -18"><span class='ocrx_word' id='word_1_380' title='bbox 336 4087 425 4133; x_wconf 87' lang='lat' dir='ltr'><strong>suum</strong></span> <span class='ocrx_word' id='word_1_381' title='bbox 448 4067 487 4131; x_wconf 95' lang='lat' dir='ltr'><strong>U.</strong></span> <span class='ocrx_word' id='word_1_382' title='bbox 514 4066 560 4130; x_wconf 88' lang='lat'><strong>10.</strong></span> <span class='ocrx_word' id='word_1_383' title='bbox 582 4065 614 4128; x_wconf 95' lang='lat' dir='ltr'><strong>in</strong></span> <span class='ocrx_word' id='word_1_384' title='bbox 636 4050 806 4146; x_wconf 81' lang='lat' dir='ltr'><strong>conspectu</strong></span> <span class='ocrx_word' id='word_1_385' title='bbox 828 4066 867 4129; x_wconf 96' lang='lat' dir='ltr'><strong>U.</strong></span> <span class='ocrx_word' id='word_1_386' title='bbox 892 4068 939 4130; x_wconf 95' lang='lat' dir='ltr'><strong>ll.</strong></span> <span class='ocrx_word' id='word_1_387' title='bbox 956 4075 1025 4130; x_wconf 88' lang='lat' dir='ltr'><strong>erat</strong></span> <span class='ocrx_word' id='word_1_388' title='bbox 1046 4067 1173 4130; x_wconf 86' lang='lat' dir='ltr'><strong>flamma</strong></span> <span class='ocrx_word' id='word_1_389' title='bbox 1195 4103 1234 4114; x_wconf 87' lang='lat'>-</span> <span class='ocrx_word' id='word_1_390' title='bbox 1256 4066 1411 4132; x_wconf 89' lang='lat' dir='ltr'><strong>certioris.</strong></span> <span class='ocrx_word' id='word_1_391' title='bbox 1436 4069 1484 4132; x_wconf 91' lang='grc'><strong>12.</strong></span> <span class='ocrx_word' id='word_1_392' title='bbox 1499 4087 1595 4151; x_wconf 88' lang='lat' dir='ltr'><strong>prope</strong></span> 
     </span>
     <span class='ocr_line' id='line_1_34' title="bbox 337 4164 1595 4251; baseline 0.002 -19"><span class='ocrx_word' id='word_1_393' title='bbox 337 4179 465 4242; x_wconf 87' lang='lat' dir='ltr'><strong>temere,</strong></span> <span class='ocrx_word' id='word_1_394' title='bbox 489 4166 536 4230; x_wconf 93' lang='grc'><strong>13.</strong></span> <span class='ocrx_word' id='word_1_395' title='bbox 559 4165 789 4230; x_wconf 88' lang='lat' dir='ltr'><strong>tenderent-</strong></span> <span class='ocrx_word' id='word_1_396' title='bbox 812 4164 958 4251; x_wconf 88' lang='lat' dir='ltr'><strong>repente)</strong></span> <span class='ocrx_word' id='word_1_397' title='bbox 981 4176 1159 4249; x_wconf 87' lang='lat' dir='ltr'><strong>repetentes</strong></span> <span class='ocrx_word' id='word_1_398' title='bbox 1183 4203 1229 4214; x_wconf 93' lang='lat'><em>-</em></span> <span class='ocrx_word' id='word_1_399' title='bbox 1252 4176 1498 4234; x_wconf 87' lang='lat' dir='ltr'><strong>consternuntur</strong></span> <span class='ocrx_word' id='word_1_400' title='bbox 1519 4189 1595 4234; x_wconf 91' lang='lat' dir='ltr'><strong>oon-</strong></span> 
     </span>
     <span class='ocr_line' id='line_1_35' title="bbox 337 4265 1594 4355; baseline 0.002 -23"><span class='ocrx_word' id='word_1_401' title='bbox 337 4267 437 4350; x_wconf 89' lang='lat' dir='ltr'><strong>speoti</strong></span> <span class='ocrx_word' id='word_1_402' title='bbox 460 4265 500 4330; x_wconf 87' lang='lat' dir='ltr'><strong>ab</strong></span> <span class='ocrx_word' id='word_1_403' title='bbox 522 4265 690 4349; x_wconf 90' lang='lat' dir='ltr'><strong>equitibus.</strong></span> <span class='ocrx_word' id='word_1_404' title='bbox 722 4267 768 4332; x_wconf 84' lang='grc'><strong>14.</strong></span> <span class='ocrx_word' id='word_1_405' title='bbox 791 4267 888 4350; x_wconf 88' lang='lat' dir='ltr'><strong>pedes</strong></span> <span class='ocrx_word' id='word_1_406' title='bbox 910 4288 968 4332; x_wconf 86' lang='lat' dir='ltr'><strong>om.</strong></span> <span class='ocrx_word' id='word_1_407' title='bbox 992 4267 1087 4332; x_wconf 87' lang='lat' dir='ltr'><strong>G—</strong></span> <span class='ocrx_word' id='word_1_408' title='bbox 1101 4269 1205 4350; x_wconf 90' lang='lat' dir='ltr'><strong>potuit</strong></span> <span class='ocrx_word' id='word_1_409' title='bbox 1226 4268 1273 4352; x_wconf 91' lang='lat' dir='ltr'><strong>et)</strong></span> <span class='ocrx_word' id='word_1_410' title='bbox 1296 4270 1399 4350; x_wconf 91' lang='lat' dir='ltr'><strong>potuit</strong></span> <span class='ocrx_word' id='word_1_411' title='bbox 1420 4307 1460 4316; x_wconf 93' lang='lat'>—</span> <span class='ocrx_word' id='word_1_412' title='bbox 1481 4267 1594 4355; x_wconf 82' lang='lat' dir='ltr'><strong>ferme)</strong></span> 
     </span>
     <span class='ocr_line' id='line_1_36' title="bbox 338 4367 1593 4458; baseline 0 -25"><span class='ocrx_word' id='word_1_413' title='bbox 338 4371 413 4434; x_wconf 88' lang='lat' dir='ltr'><strong>lere.</strong></span> <span class='ocrx_word' id='word_1_414' title='bbox 437 4368 485 4430; x_wconf 89' lang='grc'><strong>15.</strong></span> <span class='ocrx_word' id='word_1_415' title='bbox 508 4367 661 4450; x_wconf 89' lang='lat' dir='ltr'><strong>reliquere</strong></span> <span class='ocrx_word' id='word_1_416' title='bbox 685 4367 806 4449; x_wconf 90' lang='lat' dir='ltr'><strong>reliquo</strong></span> <span class='ocrx_word' id='word_1_417' title='bbox 829 4368 964 4450; x_wconf 82' lang='lat' dir='ltr'><strong>agmine.</strong></span> <span class='ocrx_word' id='word_1_418' title='bbox 1007 4369 1128 4433; x_wconf 90' lang='lat' dir='ltr'><strong>XLIV.</strong></span> <span class='ocrx_word' id='word_1_419' title='bbox 1151 4371 1181 4432; x_wconf 92' lang='grc'><strong>2.</strong></span> <span class='ocrx_word' id='word_1_420' title='bbox 1204 4369 1534 4458; x_wconf 84' lang='lat' dir='ltr'><strong>dieom.G-sua(</strong></span> <span class='ocrx_word' id='word_1_421' title='bbox 1585 4417 1593 4433; x_wconf 97' lang='lat'><strong>.</strong></span> 
     </span>
     <span class='ocr_line' id='line_1_37' title="bbox 338 4466 1594 4554; baseline 0.002 -22"><span class='ocrx_word' id='word_1_422' title='bbox 338 4469 413 4554; x_wconf 92' lang='lat' dir='ltr'><strong>qne)</strong></span> <span class='ocrx_word' id='word_1_423' title='bbox 441 4466 480 4531; x_wconf 91' lang='lat' dir='ltr'><strong>G.</strong></span> <span class='ocrx_word' id='word_1_424' title='bbox 513 4467 542 4528; x_wconf 91' lang='grc'><strong>3.</strong></span> <span class='ocrx_word' id='word_1_425' title='bbox 565 4487 611 4548; x_wconf 92' lang='lat' dir='ltr'><strong>sp.</strong></span> <span class='ocrx_word' id='word_1_426' title='bbox 638 4468 781 4532; x_wconf 90' lang='lat' dir='ltr'><strong>nautium</strong></span> <span class='ocrx_word' id='word_1_427' title='bbox 809 4468 839 4533; x_wconf 87' lang='lat' dir='ltr'><strong>G</strong></span> <span class='ocrx_word' id='word_1_428' title='bbox 869 4504 915 4516; x_wconf 94' lang='lat'><strong>—-</strong></span> <span class='ocrx_word' id='word_1_429' title='bbox 944 4469 1075 4532; x_wconf 88' lang='lat' dir='ltr'><strong>armillis</strong></span> <span class='ocrx_word' id='word_1_430' title='bbox 1104 4468 1289 4554; x_wconf 88' lang='lat' dir='ltr'><strong>aureisque)</strong></span> <span class='ocrx_word' id='word_1_431' title='bbox 1319 4471 1435 4534; x_wconf 86' lang='lat' dir='ltr'><strong>eureis.</strong></span> <span class='ocrx_word' id='word_1_432' title='bbox 1475 4473 1503 4535; x_wconf 89' lang='grc'><strong>4.</strong></span> <span class='ocrx_word' id='word_1_433' title='bbox 1532 4491 1594 4554; x_wconf 91' lang='lat' dir='ltr'><strong>qua</strong></span> 
     </span>
     <span class='ocr_line' id='line_1_38' title="bbox 337 4565 1594 4655; baseline -0.002 -19"><span class='ocrx_word' id='word_1_434' title='bbox 337 4565 461 4652; x_wconf 90' lang='lat' dir='ltr'><strong>magni)</strong></span> <span class='ocrx_word' id='word_1_435' title='bbox 488 4565 562 4648; x_wconf 89' lang='lat' dir='ltr'><strong>quia</strong></span> <span class='ocrx_word' id='word_1_436' title='bbox 589 4568 694 4648; x_wconf 88' lang='lat' dir='ltr'><strong>magni</strong></span> <span class='ocrx_word' id='word_1_437' title='bbox 720 4569 762 4644; x_wconf 90' lang='lat' dir='ltr'><strong>U,</strong></span> <span class='ocrx_word' id='word_1_438' title='bbox 796 4569 994 4654; x_wconf 88' lang='lat' dir='ltr'><strong>quiamagis</strong></span> <span class='ocrx_word' id='word_1_439' title='bbox 1017 4569 1105 4633; x_wconf 90' lang='lat' dir='ltr'><strong>G-</strong></span> <span class='ocrx_word' id='word_1_440' title='bbox 1130 4577 1223 4634; x_wconf 91' lang='lat' dir='ltr'><strong>nocte</strong></span> <span class='ocrx_word' id='word_1_441' title='bbox 1246 4570 1320 4654; x_wconf 92' lang='lat' dir='ltr'><strong>quia</strong></span> <span class='ocrx_word' id='word_1_442' title='bbox 1343 4573 1445 4636; x_wconf 87' lang='lat' dir='ltr'><strong>—ad</strong></span> <span class='ocrx_word' id='word_1_443' title='bbox 1469 4573 1594 4655; x_wconf 88' lang='lat' dir='ltr'><strong>aquilo-</strong></span> 
     </span>
     <span class='ocr_line' id='line_1_39' title="bbox 336 4665 1593 4759; baseline -0.001 -23"><span class='ocrx_word' id='word_1_444' title='bbox 336 4671 433 4742; x_wconf 87' lang='lat' dir='ltr'><strong>niam.</strong></span> <span class='ocrx_word' id='word_1_445' title='bbox 455 4665 486 4734; x_wconf 89' lang='grc'><strong>5.</strong></span> <span class='ocrx_word' id='word_1_446' title='bbox 509 4665 642 4732; x_wconf 82' lang='lat' dir='ltr'><strong>donavit</strong></span> <span class='ocrx_word' id='word_1_447' title='bbox 658 4669 699 4734; x_wconf 89' lang='lat' dir='ltr'><strong>U.</strong></span> <span class='ocrx_word' id='word_1_448' title='bbox 722 4667 751 4734; x_wconf 90' lang='grc'><strong>6.</strong></span> <span class='ocrx_word' id='word_1_449' title='bbox 774 4670 933 4735; x_wconf 89' lang='lat' dir='ltr'><strong>consilium</strong></span> <span class='ocrx_word' id='word_1_450' title='bbox 956 4671 1099 4736; x_wconf 87' lang='lat' dir='ltr'><strong>hobitum</strong></span> <span class='ocrx_word' id='word_1_451' title='bbox 1121 4671 1193 4756; x_wconf 90' lang='lat' dir='ltr'><strong>(om.</strong></span> <span class='ocrx_word' id='word_1_452' title='bbox 1215 4671 1304 4758; x_wconf 90' lang='lat' dir='ltr'><strong>inde)</strong></span> <span class='ocrx_word' id='word_1_453' title='bbox 1327 4671 1366 4737; x_wconf 88' lang='lat' dir='ltr'><strong>G.</strong></span> <span class='ocrx_word' id='word_1_454' title='bbox 1387 4673 1417 4737; x_wconf 94' lang='lat'><strong>8.</strong></span> <span class='ocrx_word' id='word_1_455' title='bbox 1440 4694 1477 4738; x_wconf 90' lang='lat' dir='ltr'><strong>ao</strong></span> <span class='ocrx_word' id='word_1_456' title='bbox 1498 4671 1593 4759; x_wconf 82' lang='lat' dir='ltr'><strong>locis)</strong></span> 
     </span>
    </p>
   </div>
   <div class='ocr_carea' id='block_1_11' title="bbox 0 0 1794 5636">
    <p class='ocr_par' dir='ltr' id='par_1_11' title="bbox 0 0 1794 5636">
     <span class='ocr_line' id='line_1_40' title="bbox 0 0 1794 5636; baseline 0 1"><span class='ocrx_word' id='word_1_457' title='bbox 0 0 1794 5636; x_wconf 95' lang='lat' dir='ltr'><strong> </strong></span> 
     </span>
    </p>
   </div>
  </div>
 </body>
</html>
