3578 5636
677 487 817 558 Uxoerpta
839 486 966 543 bivium.
1406 457 1454 544 ¹db

277 657 426 720 Videmus
447 655 542 736 igitur
563 677 601 719 cx
623 657 689 734 bis,
711 679 777 740 quae
798 659 976 733 attulimus,
998 659 1166 739 scripturas
1187 677 1295 720 manns
1316 660 1458 724 secundae

194 757 308 820 codicis
331 757 357 820 P
379 756 491 830 sinaili,
512 775 693 838 quamquam
716 777 775 821 non
797 760 910 833 eidam,
937 757 1032 822 codici
1058 767 1154 840 atque
1175 759 1205 822 U
1227 757 1373 840 originem
1386 759 1460 822 dem>

197 859 279 920 bero.
324 855 459 938 Uterque
480 858 559 922 onim
581 857 663 932 haud
685 878 752 922 raro
785 879 888 922 varum
920 859 1071 932 restituit,
1104 859 1215 938 saepius
1246 858 1456 940 interpolando

195 966 227 1018 et
259 957 407 1019 audacter
435 958 581 1020 mutando
613 959 645 1020 in
667 959 800 1022 deterius
822 959 956 1022 mutavit
977 967 1009 1022 et
1030 957 1161 1040 vestigia
1182 957 1247 1020 veri
1270 959 1455 1022 obscuravit.

194 1055 272 1128 Qum
293 1075 385 1138 quum
406 1057 452 1120 ite
472 1057 551 1133 sint,
574 1067 702 1138 apparet
722 1061 776 1134 1³¹,
798 1059 937 1142 quamvis
958 1058 1131 1139 ignorantia
1151 1077 1231 1140 sape
1248 1057 1350 1139 lapsus
1365 1059 1455 1122 abar*

195 1157 284 1232 rarit,
305 1166 424 1232 tamen,
447 1157 474 1241 si
495 1158 665 1221 universam
688 1177 754 1222 reru
773 1167 908 1240 spectes,
930 1159 1024 1222 multo
1047 1159 1158 1238 majore
1178 1158 1237 1222 fide
1252 1158 1373 1246 dignum
1388 1179 1455 1223 esse

194 1277 283 1338 quam
305 1258 347 1320 1³²
369 1267 401 1320 et
421 1258 461 1324 U·
1059 1305 1060 1310 κ

280 1359 384 1420 Pauca
417 1357 509 1420 etiam
534 1357 676 1420 videntur
704 1359 832 1422 dicenda
857 1359 895 1422 ds
919 1359 957 1421 iis
982 1358 1149 1438 scripturis,
1182 1377 1249 1440 quae
1273 1359 1304 1421 in
1325 1359 1453 1440 ,duobus

197 1457 276 1520 loliis
308 1457 395 1520 tertii
427 1459 634 1539 quaternionis
663 1468 694 1521 at
721 1459 751 1522 in
779 1467 924 1541 quattuor
951 1458 1065 1522 ultimis
1093 1459 1204 1522 codicis
1230 1459 1261 1522 U
1282 1470 1455 1524 occurrunt.

194 1557 298 1639 Atque
319 1575 357 1620 ex
377 1558 429 1634 iis,
451 1575 517 1639 qnae
538 1559 707 1639 peculiaria
728 1559 843 1623 habent
865 1561 923 1622 dno
945 1558 998 1622 illa
1018 1559 1118 1639 priora
1136 1559 1224 1633 folia,
1246 1565 1335 1640 patet
1349 1579 1387 1622 ea
1400 1561 1454 1623 de-

197 1659 315 1738 scripta
335 1677 401 1720 csse
422 1677 461 1720 ex
482 1658 581 1740 aliquo
614 1659 715 1722 codice
749 1661 813 1741 ejus
846 1659 979 1740 generis,
1011 1677 1070 1741 quo
1099 1660 1149 1722 usi
1170 1659 1287 1722 suutii
1309 1661 1453 1741 quiante

195 1757 310 1820 Aldum
343 1758 426 1821 Livii
458 1759 551 1822 libros
574 1759 742 1823 ediderunt.
786 1761 850 1824 Uir.
874 1761 901 1822 l:
924 1755 974 1822 57.
997 1757 1025 1822 7.
1047 1761 1223 1845 inopinum
1258 1759 1306 1823 10.
1329 1759 1454 1842 benique

194 1858 341 1942 susceptir
362 1879 382 1919 u
403 1867 565 1934 nocturum·
586 1858 635 1921 58.
658 1861 687 1922 2.
709 1859 866 1933 mor-ierim
893 1861 922 1922 3.
944 1857 1061 1922 odium
1082 1879 1168 1944 opem
1189 1877 1265 1934 om.;
1297 1859 1326 1923 5.
1348 1861 1455 1924 amicis

186 1957 348 2045 fidelibuar
379 1957 409 2022 6.
431 1967 577 2022 moestum
597 1959 632 2022 io
652 1958 787 2024 cubiculo
807 1960 972 2032 sedentem
991 1949 1053 2022 Ι60,
1078 1961 1104 2022 l.
1127 1978 1244 2034 oenum
1270 1961 1300 2022 2.
1322 1959 1455 2024 concitu-

195 2067 295 2132 ocrot,·
327 2059 356 2121 3.
377 2073 402 2118 v
422 2068 450 2122 et
469 2074 535 2134 xm
567 2062 596 2122 2:
620 2060 647 2122 l.
671 2061 700 2122 1.
721 2069 937 2144 repausarem
969 2059 1109 2144 Merops
1129 2045 1248 2132 omasus
1268 2061 1298 2122 4.
1319 2060 1454 2124 dacoa-

143 2219 149 2241 ,
194 2178 340 2242 numqua·
362 2156 391 2220 6.
414 2159 588 2244 temperatio
608 2159 750 2243 imper-ii3
770 2160 800 2224 8.
822 2161 986 2234 rertnoera·
1000 2159 1069 2246 fuit
1090 2179 1148 2223 orn.

280 2258 380 2322 Aliter
401 2267 434 2322 se
456 2279 505 2322 res
527 2259 621 2340 babet
642 2259 675 2322 in
698 2268 841 2342 quattuor
862 2260 975 2324 ultimis
998 2261 1092 2335 loliis,
1124 2279 1190 2341 quae
1222 2260 1328 2322 eadem
1349 2278 1453 2322 recen·

197 2357 285 2422 tioris
306 2358 407 2422 aetatis
429 2379 519 2424 manu
540 2361 656 2441 scripta
676 2369 760 2424 sunt.
802 2362 941 2445 Namque
963 2362 993 2422 in
1018 2361 1066 2424 lais
1087 2369 1192 2423 tantus
1213 2368 1260 2422 est
1286 2378 1353 2422 cum
1375 2360 1401 2422 P
1422 2366 1454 2422 et

196 2457 227 2522 G
258 2477 437 2534 cousensus,
469 2469 504 2522 ut
535 2466 590 2523 aut
622 2479 661 2522 ex
681 2461 730 2523 bis
752 2461 902 2524 simillimo
925 2460 1040 2536 codice,
1073 2468 1128 2523 aut
1150 2461 1277 2523 fortasse
1299 2459 1453 2540 exipsius

196 2558 306 2622 codicis
327 2560 357 2623 U
378 2561 511 2622 nondum
532 2561 711 2640 deperditis,
744 2561 797 2624 sod
818 2581 897 2642 aqua
918 2561 967 2624 ael
989 2561 1051 2624 alia
1072 2579 1103 2624 re
1125 2559 1274 2642 corruptis
1296 2559 1377 2622 loliis
1399 2559 1454 2622 de-

195 2659 341 2740 scriptum
375 2679 440 2723 esse
472 2667 606 2724 statuere
628 2661 727 2726 licoat.
771 2661 819 2725 Ac
841 2661 961 2725 videtur
981 2661 1007 2724 is
1029 2661 1080 2743 qni
1102 2661 1167 2724 hoec
1188 2659 1311 2742 scripsit
1331 2679 1452 2742 operam

121 2767 122 2774 ’
194 2760 312 2824 dedisse
344 2768 379 2824 ut
411 2761 598 2824 tantumdem
630 2762 753 2842 singulae
775 2780 838 2825 sues
860 2763 977 2843 paginae
997 2761 1206 2836 continerent,
1228 2767 1374 2844 quantum
1396 2779 1453 2842 pa-

195 2859 275 2940 gium
296 2861 362 2941 ejus
384 2860 464 2942 quod
486 2861 645 2941 descripsit
666 2863 864 2944 exemplatim
886 2881 957 2925 nam
980 2871 1089 2944 quarta
1109 2863 1237 2942 pagiua,
1258 2862 1289 2924 in
1312 2865 1374 2943 qua
1395 2861 1453 2924 mi-

195 2960 366 3024 nutioribus
388 2961 497 3024 litteris
518 2961 653 3042 scripsit,
675 2970 816 3044 quattuor
838 2965 899 3024 fers
920 2981 1026 3025 versus
1044 2981 1157 3024 vacuos
1179 2961 1271 3024 habet
1293 2979 1388 3042 neque
1403 2969 1453 3024 ta·

196 3079 262 3124 men
296 3061 459 3143 quidquam
488 3061 632 3124 omissum
655 3072 711 3126 est.
754 3064 790 3126 In
814 3063 922 3144 quinta
943 3071 1045 3125 autem
1067 3062 1177 3143 pagina
1198 3079 1340 3142 suprema
1360 3069 1453 3144 quat-

200 3169 268 3224 tuor
289 3150 395 3224 ver'sns
416 3181 563 3242 supremae
585 3164 700 3244 paginas
721 3164 820 3226 tertias
842 3163 1000 3244 repetivit,
1033 3163 1142 3226 deinde
1171 3161 1382 3224 animadverso
1404 3181 1454 3224 er-

197 3279 264 3324 rore
285 3281 388 3325 rursus
409 3260 548 3338 induxit:
569 3263 601 3324 id
622 3265 701 3344 qnod
723 3264 769 3326 ita
791 3263 878 3326 lacile
899 3263 1043 3345 explicari
1071 3265 1186 3344 potest,
1218 3262 1243 3324 si
1274 3261 1454 3337 statuimus,

195 3369 339 3442 quattuor
372 3362 426 3424 illa
459 3363 585 3444 antiqua
617 3364 689 3426 lolia
721 3363 843 3428 Codicis
864 3364 895 3427 U
916 3373 981 3426 tum
1003 3378 1183 3444 ecompage
1205 3363 1326 3426 revulsa
1349 3361 1453 3426 luisse.

195 3462 296 3524 Unum
318 3471 421 3526 tamen
443 3463 564 3525 videtur
584 3463 720 3538 obstare,
738 3464 896 3546 quominus
918 3463 1139 3537 existimemus,
1160 3482 1199 3525 ex
1219 3462 1297 3544 ipsis
1319 3462 1454 3544 antiquis

196 3561 276 3625 loliis
297 3563 409 3626 codicis
430 3563 461 3625 U
482 3562 547 3626 boec
568 3565 719 3644 descripta
740 3584 816 3628 esse.
860 3565 941 3628 Nom
963 3564 1045 3626 etin
1066 3565 1094 3628 P
1116 3571 1148 3626 at
1163 3563 1194 3627 in
1210 3563 1241 3627 G
1255 3562 1368 3628 omissa
1381 3570 1456 3626 sunt

196 3663 289 3725 verba
305 3662 462 3748 proponit,
474 3664 593 3727 comati
613 3663 776 3747 iam-sorte
796 3666 830 3728 in
850 3665 946 3730 ocum
967 3664 1089 3730 auertat
1098 3659 1247 3748 perfupo,
1268 3681 1336 3744 quas
1350 3662 1455 3725 omnia

195 3770 305 3843 praeter
337 3783 364 3826 v.
390 3763 476 3850 sorte
505 3764 598 3828 habat
623 3765 662 3840 U.
706 3767 767 3828 Sed
789 3773 917 3846 possunt
939 3765 1004 3828 baec
1026 3765 1119 3828 verba
1140 3763 1267 3844 margini
1290 3762 1453 3827 codicisU

196 3862 352 3946 adscripta
373 3865 474 3926 fnisse.
1040 3879 1042 3882 ’

279 3963 381 4044 Supra
401 3964 557 4027 attulimus
579 3964 658 4026 satis
680 3966 790 4028 multos
812 3965 910 4040 locos,
932 3965 984 4028 ubi
1000 3965 1153 4028 meliorem
1168 3963 1349 4044 scripturam
1364 3981 1454 4044 quam

195 4063 238 4137 P,
271 4083 329 4126 non
359 4083 521 4146 numquam
548 4064 641 4126 etiam
669 4085 758 4147 quam
784 4067 833 4140 M,
861 4067 994 4128 servavit
1026 4066 1065 4128 U.
1108 4063 1189 4128 Sunt
1220 4071 1321 4126 autem
1349 4061 1455 4126 omnia

197 4162 252 4226 illa
272 4165 435 4244 ejusmodi,
464 4184 528 4246 quae
561 4166 600 4227 ab
628 4166 793 4230 editoribus
814 4165 968 4248 plerisque
984 4166 1049 4246 jam
1070 4173 1191 4246 recepta
1205 4163 1286 4226 sint.
1329 4163 1454 4237 Restat,

196 4272 232 4326 nt
251 4263 419 4338 videamus,
440 4284 512 4328 num
535 4264 607 4345 quid
630 4274 776 4346 praterea
797 4267 931 4346 praebeat
952 4267 991 4340 U,
1012 4265 1092 4348 quod
1113 4272 1234 4346 receptu
1256 4263 1378 4344 dignum
1405 4261 1454 4325 vi-

196 4364 311 4427 deatur.
353 4365 458 4447 Atque
491 4383 550 4427 non
584 4366 679 4428 multa
710 4367 857 4445 ejusmodi
889 4366 1017 4429 inveniri
1049 4366 1101 4428 rix
1128 4373 1176 4426 cst
1202 4363 1282 4445 qnod
1303 4381 1453 4426 moneam.

197 4463 278 4526 Nam
310 4473 512 4547 praeterquem
543 4466 622 4546 quod
647 4466 743 4528 codex
764 4466 844 4547 ipse,
877 4483 1058 4548 quamquam
1080 4463 1254 4528 melioribus
1273 4463 1341 4527 sine
1363 4463 1454 4526 dnbio

197 4571 245 4626 est
266 4564 527 4640 adnumerandus,
558 4575 660 4628 tamen
693 4567 751 4630 lide
777 4573 871 4648 atque
900 4566 1080 4630 anctoritate
1102 4565 1239 4629 Mediceo
1261 4571 1294 4628 et
1313 4561 1454 4627 Parisino

196 4663 320 4728 inferior
340 4673 402 4740 cst,
425 4685 560 4728 summus
581 4665 633 4728 ille
650 4665 709 4740 vir,
731 4666 782 4748 qui
804 4666 835 4729 in
858 4667 1070 4730 emendatione
1091 4665 1287 4730 Livianorum
1309 4663 1454 4726 librorum

195 4762 243 4826 his
275 4765 386 4830 nostris
417 4767 602 4848 temporibus
625 4761 784 4847 'ameriam
807 4785 929 4849 operam
952 4767 1127 4842 collocavit,
1154 4763 1342 4848 Madvigius,
1363 4765 1454 4826 unu
