3578 5636
810 529 1114 610 nummata

381 1055 384 1062 Ι
490 938 500 951 ’
581 953 782 1058 Scrlptora
807 955 973 1038 varietas
999 952 1168 1035 codicum
1196 951 1220 1032 ll
1248 955 1286 1034 cl
1312 949 1349 1032 d.
1422 966 1429 984 ·

418 1162 579 1245 Inscriptio
601 1163 631 1224 iu
654 1162 685 1225 U
699 1164 818 1226 rubrica
833 1163 932 1243 picta:
955 1163 1043 1226 ΤΙΤΙ
1064 1161 1171 1224 LIVII
1192 1160 1250 1224 AB
1272 1161 1387 1224 URBE
1409 1161 1599 1227 CONDITA

334 1263 483 1330 PRIMAE
505 1261 694 1327 DEGADIS
715 1263 875 1326 INCIPIT
898 1261 1059 1326 PRIMUS
1081 1259 1225 1336 LIBER3
1246 1261 1277 1322 iu
1301 1261 1347 1325 G:
1372 1261 1436 1327 Titi
1456 1261 1545 1326 Livii
1561 1263 1599 1326 ab

336 1363 408 1429 urba
430 1363 550 1426 condito
567 1361 670 1445 prime
692 1361 815 1426 decadis
835 1362 927 1445 incip.
950 1359 1000 1424 tib.
1017 1361 1153 1444 primos.

418 1497 615 1559 Pomorum.
641 1495 667 1556 l.
690 1494 848 1578 sisciam)
870 1496 897 1556 si
919 1495 1035 1561 scirem.
1058 1495 1086 1554 2.
1110 1502 1165 1558 aut
1185 1488 1234 1577 iu)
1257 1494 1349 1556 aucti.
1371 1493 1400 1556 5.
1424 1494 1525 1575 prisca
1546 1489 1600 1560 illa

335 1606 403 1660 tota
425 1605 527 1658 mente
550 1630 587 1640 —
612 1595 729 1656 efficere
751 1603 857 1676 posset
879 1595 926 1669 U,
954 1595 1074 1656 officere
1100 1603 1202 1676 posset
1224 1591 1261 1654 G.
1306 1587 1335 1654 7.
1357 1593 1404 1656 sui
1427 1592 1599 1679 parentem)

336 1705 493 1776 parentem
515 1693 562 1756 sui
584 1729 622 1739 -
645 1694 800 1776 imperium
823 1691 998 1778 patiuntur)
1010 1693 1172 1773 paciuntur
1186 1692 1353 1774 imperium.
1369 1693 1398 1760 9.
1413 1694 1599 1776 desidentes)

337 1795 517 1858 dissidentes
539 1793 579 1868 U,
601 1794 771 1856 diffidentes
794 1793 833 1858 G.
858 1795 894 1860 ll
918 1789 1008 1876 aerae)
1030 1812 1099 1855 sera
1119 1791 1159 1866 U,
1181 1792 1247 1856 fera
1268 1792 1307 1854 G.
1333 1793 1380 1854 13.
1403 1794 1482 1858 tanti
1504 1796 1601 1875 operis

338 1885 409 1968 [ib.
433 1885 455 1968 ΙΙ
488 1894 513 1954 Ι.
539 1893 564 1957 l.
587 1891 726 1977 fuerant)
749 1895 869 1956 suerunt
890 1896 919 1956 2.
942 1889 1129 1974 Pylaemene)
1146 1891 1323 1972 philemene.
1347 1893 1375 1955 3.
1399 1894 1600 1975 eugeniisque.
1688 1939 1690 1942 -

252 1969 261 1989 ’
310 2029 377 2068 ,-
401 1993 428 2054 ei
449 1990 497 2078 in)
529 2001 560 2057 et
581 1992 611 2057 io
635 2028 673 2038 -
696 1992 842 2076 primum)
873 1994 970 2073 primo
993 2027 1030 2036 -
1054 1991 1173 2054 troiano
1195 1989 1281 2076 inde)
1314 1992 1385 2056 lodo
1408 1993 1537 2056 troiano.
1559 2029 1600 2040 -

337 2093 366 2156 4.
390 2112 492 2156 oencan
516 2128 554 2138 -
577 2089 727 2177 tenuisse)
752 2093 898 2156 tendisse.
920 2091 949 2154 5.
972 2091 1053 2154 troia
1074 2100 1105 2152 et
1128 2125 1166 2135 -
1189 2091 1300 2154 troiani
1323 2137 1331 2156 .
1354 2137 1362 2156 .
1386 2093 1494 2174 quibus
1516 2087 1602 2182 (dan

338 2191 431 2256 litera
451 2197 558 2272 maaca)
570 2192 610 2267 U,
631 2193 744 2257 troiani
766 2192 874 2274 quibus
897 2192 937 2258 G.
960 2225 1000 2236 -
1022 2201 1113 2272 atque
1134 2187 1232 2274 agris)
1260 2193 1407 2274 agrisque.
1429 2188 1458 2254 7.
1473 2193 1601 2276 quidve)

337 2293 407 2374 quid
431 2329 468 2338 -
493 2289 676 2375 laurentem)
710 2292 908 2354 laurentinam
932 2326 972 2337 -
994 2292 1128 2354 exissent
1149 2291 1189 2363 U,
1221 2291 1356 2356 exissent
1385 2294 1539 2356 venissent
1560 2292 1600 2355 G.

337 2393 366 2454 8.
390 2389 495 2475 domo)
517 2399 549 2454 et
570 2392 658 2454 domo
680 2427 721 2437 —
743 2391 810 2454 urbi
834 2427 870 2436 -
895 2393 1031 2454 dextera.
1056 2391 1102 2456 10.
1126 2409 1174 2452 res
1198 2391 1362 2472 utique.-
1376 2393 1425 2456 ll.
1438 2393 1550 2476 styrpis
1561 2393 1602 2466 U,

337 2493 441 2572 stirpis
464 2491 502 2556 G.
545 2491 586 2554 II.
612 2492 639 2554 l.
662 2488 858 2576 Troianique)
880 2491 1049 2572 troianique
1070 2490 1168 2554 simol.
1192 2525 1229 2535 -
1247 2491 1277 2554 3.
1300 2494 1540 2574 miscendumque
1562 2493 1601 2567 U.

339 2591 570 2672 melentinmque
586 2590 625 2654 G.
651 2591 681 2654 4.
705 2611 760 2654 nec
781 2590 854 2674 sub)
878 2611 915 2654 ne
937 2591 993 2656 sub
1015 2590 1045 2652 5.
1070 2585 1169 2656 studio
1192 2610 1228 2652 ac
1249 2591 1307 2653 fide
1330 2591 1457 2656 troianis
1479 2628 1519 2638 —·
1541 2593 1602 2654 iam

337 2688 415 2776 non)
437 2690 528 2754 etiam
544 2709 602 2754 uon
618 2725 659 2736 —
671 2691 841 2754 mortalium
864 2690 1003 2774 operum)
1025 2709 1147 2772 operum
1164 2691 1347 2754 mortalium.
1364 2727 1401 2738 -
1419 2691 1449 2754 6.
1461 2691 1602 2776 fluvium)

337 2791 457 2862 flumen.
500 2791 558 2855 III.
580 2791 608 2854 2.
633 2791 724 2854 luerit
744 2810 855 2857 om.—
870 2787 1040 2872 nuncupat)
1063 2791 1257 2870 nuncupavit.
1280 2790 1309 2854 4.
1324 2792 1474 2856 colomam
1490 2794 1603 2856 deduc-

337 2897 401 2952 tam
426 2923 463 2935 -
487 2887 684 2976 Etruscique)
707 2899 845 2971 atrosque
867 2890 906 2956 G.
931 2926 969 2936 -
992 2890 1045 2956 ulli
1067 2887 1136 2974 alii)
1158 2889 1210 2952 alii
1225 2926 1263 2934 —
1279 2910 1351 2954 ause
1374 2891 1412 2954 G.
1435 2889 1465 2954 7.
1487 2891 1603 2976 aliquot

337 2988 462 3055 colonia
476 2989 602 3056 eductae.
623 2989 654 3052 8.
677 2999 842 3070 regnarunt
863 3025 902 3036 -
924 2991 1023 3072 Atye)
1047 2997 1139 3072 atyne
1167 3025 1205 3034 -
1228 2989 1348 3074 Capye)
1371 3011 1449 3073 capy
1470 2993 1511 3066 U,
1533 2991 1602 3073 capi

337 3087 377 3152 G.
401 3123 440 3134 -
462 3088 599 3160 traiecto.
636 3087 666 3152 9.
689 3089 767 3154 lilius
789 3090 922 3172 tyberini
945 3124 983 3138 --
1006 3087 1180 3174 Aventino)
1202 3089 1324 3152 ventino
1339 3125 1380 3136 -
1395 3090 1458 3172 ipse
1481 3111 1538 3155 ona.
1561 3091 1600 3156 G.

337 3224 378 3234 —
399 3189 512 3273 styrpis
533 3189 574 3262 U,
596 3189 699 3270 stirpis
722 3187 762 3254 G.
798 3189 846 3252 ll.
870 3189 985 3257 addidit
1014 3225 1053 3234 -
1082 3189 1235 3254 interemit
1256 3225 1296 3242 -ν
1318 3199 1422 3272 partus
1444 3185 1506 3264 U'.
1531 3211 1603 3272 par·

337 3287 378 3349 tia
400 3288 442 3351 U¹
470 3323 509 3336 -·-
532 3289 654 3358 ademit.
683 3324 721 3333 -
752 3287 808 3351 IV.
833 3288 860 3352 l.
884 3283 930 3374 vi)
958 3298 997 3352 et.
1025 3290 1053 3351 3.
1076 3309 1131 3354 nec
1154 3286 1304 3373 homines)
1336 3290 1473 3356 homines
1502 3289 1541 3356 G.
1573 3291 1603 3360 4.

338 3407 378 3452 an
400 3407 458 3451 om.
481 3423 521 3432 -
549 3386 577 3450 6.
600 3387 672 3458 locis
693 3409 751 3458 om.
775 3387 815 3478 G.
836 3423 875 3434 -
897 3389 981 3469 pueri
1002 3387 1116 3472 tenuis)
1142 3389 1226 3468 pueri
1258 3389 1414 3470 pertenuis
1447 3391 1487 3464 U,
1519 3390 1603 3470 pueri

337 3486 476 3574 pertenui
498 3485 536 3550 G.
570 3481 597 3550 7.
627 3487 801 3558 Laurentia
831 3524 870 3534 —
903 3489 1083 3558 laurentiam
1117 3487 1146 3550 8.
1174 3487 1253 3558 circa
1278 3509 1336 3576 om.
1370 3489 1400 3555 9.
1422 3487 1603 3574 subsistere)

338 3595 479 3649 sternere.
505 3622 543 3631 -
572 3585 612 3648 V.
638 3589 664 3649 l.
687 3589 844 3668 pallantea
865 3623 904 3632 —
927 3588 1046 3649 deinde.
1068 3623 1110 3633 -
1131 3589 1160 3649 2.
1184 3587 1293 3650 liceum
1316 3624 1354 3634 -
1377 3587 1493 3674 lusum)
1516 3608 1602 3661 usum

338 3721 379 3732 -
402 3694 557 3748 vocarunt.
593 3686 622 3748 3.
645 3687 753 3748 deditis
775 3686 822 3761 U,
844 3685 965 3747 deditus
988 3685 1027 3750 G.
1052 3722 1089 3731 —
1114 3686 1256 3750 numitori
1288 3689 1326 3750 ad
1349 3690 1538 3770 supplicium.
1572 3689 1601 3752 5.

338 3785 463 3866 aperire.
500 3783 530 3849 6.
559 3794 591 3849 et
617 3785 756 3869 atacem)
777 3794 898 3872 atatem
933 3821 973 3832 -·
999 3785 1182 3851 sciscitando
1215 3787 1287 3864 (om.
1318 3787 1391 3872 que)
1419 3788 1458 3852 G.
1490 3783 1520 3850 7.
1542 3790 1603 3852 vim

338 3893 475 3967 apertam
502 3921 541 3930 —
570 3885 743 3948 obtruncat.
792 3885 848 3948 VI.
879 3886 906 3948 l.
935 3894 1093 3966 eyocaaset
1120 3920 1162 3932 —
1186 3885 1300 3970 scelus)
1322 3889 1444 3951 scelera.
1481 3891 1511 3951 2.
1541 3890 1604 3969 regi

338 4005 395 4048 om.
423 3985 460 4048 G.
496 4004 609 4066 quoque
635 3993 782 4065 pastores.
819 3986 849 4048 4.
871 3986 1082 4048 verecundiam
1113 4021 1150 4030 -
1177 3986 1297 4070 tutelae)
1329 3988 1360 4050 in
1389 3989 1496 4051 tutela.
1529 3989 1603 4052 VII.

340 4087 367 4147 1.
390 4082 474 4167 seso)
502 4105 535 4146 se
567 4087 598 4147 2.
621 4086 731 4147 cadem
762 4093 919 4148 vertuntur
941 4087 987 4160 U,
1015 4087 1087 4148 code
1115 4093 1310 4148 revertuntur
1338 4087 1380 4154 G.
1413 4090 1442 4151 3.
1465 4088 1603 4151 munivit.

338 4183 368 4248 6.
397 4184 518 4264 occipit.
554 4181 583 4246 7.
612 4185 773 4248 vadentem
803 4187 842 4246 ad
868 4185 1044 4266 speluncam
1073 4221 1112 4232 -
1143 4196 1250 4249 morte.
1282 4186 1312 4249 8.
1334 4187 1531 4268 peloponneso
1564 4223 1603 4233 -·

339 4291 409 4346 nate
443 4284 561 4346 hercule
594 4284 640 4357 G,
672 4293 741 4348 nata
769 4284 799 4347 U
829 4283 876 4361 (in
897 4305 955 4366 mp.
978 4284 1051 4347 odd.
1075 4284 1340 4370 herculeU1).-
1366 4288 1404 4350 12
1427 4289 1542 4350 ibidum
1564 4323 1602 4332 -

339 4384 484 4446 Herculi.
498 4385 704 4464 ..dapemque
728 4404 786 4446 om.
812 4385 861 4447 13.
872 4385 1096 4466 sollempnibus.
1122 4386 1170 4448 14.
1183 4386 1368 4467 sollempnis.
1394 4386 1442 4451 15.
1458 4396 1549 4469 parta
1563 4422 1603 4433 -

339 4479 422 4566 lata)
436 4485 529 4545 facta.
552 4484 642 4546 VIII.
665 4485 694 4546 2.
716 4483 782 4546 XII
804 4483 969 4547 lictoribus.
991 4485 1020 4546 3.
1044 4486 1262 4566 portenderunt
1283 4521 1321 4531 —
1345 4496 1377 4548 et
1399 4487 1456 4550 hoc
1478 4523 1516 4534 -—
1535 4486 1605 4548 lini-

338 4583 439 4667 timis)
460 4571 594 4674 1111ὶωί1
617 4582 657 4645 G.
680 4601 836 4646 numerum
859 4585 930 4660 (om.
952 4581 1009 4668 et).
1037 4585 1242 4649 amiciendo
1264 4621 1302 4632 —-
1326 4587 1432 4650 veteri.
1459 4587 1489 4650 6.
1500 4585 1605 4670 idque)

339 4683 370 4746 id
387 4680 425 4745 G.
448 4683 508 4746 IX.
533 4682 559 4744 l.
582 4682 750 4744 civitatium
772 4717 814 4728 -
835 4683 1012 4766 magnitudo
1034 4685 1116 4770 erat)
1139 4685 1313 4768 magnitudo
1328 4686 1432 4750 deerat
1445 4686 1604 4771 -quippe
