3578 5636
311 477 354 538 u
791 475 1096 552 nummata

314 650 361 712 sul
383 651 455 726 (om.
477 645 595 730 quum).
632 641 661 705 5.
685 643 764 710 foret
785 653 817 708 et
838 647 1051 711 ammonendo.
1085 644 1115 710 6.
1127 643 1203 730 nno)
1220 654 1256 710 ut
1266 666 1375 709 uno—
1389 650 1577 714 viverent-

315 751 404 814 rudes
436 749 467 811 in
501 765 539 810 ea
571 745 609 809 G.
644 737 674 808 7.
697 747 765 810 urbi
788 767 825 809 ac
847 747 905 810 l'ori
927 783 965 794 -—
989 749 1136 811 creandos
1169 748 1239 826 (om.
1261 745 1353 833 esse).
1396 749 1525 814 XXIII.
1550 753 1577 816 1.

197 853 202 860 '
314 849 600 913 verruncaudornm.
621 847 650 906 2.
672 847 773 909 vinnm
797 868 833 910 ac
855 857 904 910 tus
926 846 1104 932 praebitum)
1126 849 1155 910 in
1179 868 1270 911 unum
1294 858 1362 911 acte
1377 871 1429 932 per
1444 851 1577 916 biduum.

315 953 344 1015 3.
366 950 513 1013 bouiario.
542 948 571 1010 4.
593 947 663 1008 inde
685 947 842 1010 altercatio
863 969 903 1010 cx
924 949 980 1011 ire.
1013 948 1042 1012 5.
1065 948 1183 1029 virgnia
1205 983 1244 994 ·—
1267 957 1299 1010 et
1321 951 1387 1032 uni)
1410 961 1444 1014 ut
1464 952 1517 1014 uni
1539 987 1578 998 -
1642 971 1649 984 ·

315 1069 386 1116 vero
409 1053 480 1128 (om.
503 1047 565 1134 cx).
598 1042 629 1110 7.
651 1048 782 1133 vosque)
805 1059 959 1130 atque-
981 1058 1067 1112 tenet
1089 1057 1129 1112 et.
1161 1048 1192 1110 8.
1214 1048 1240 1109 si
1263 1049 1333 1129 quid
1355 1052 1493 1132 potestia
1530 1053 1577 1115 10.

315 1185 490 1268 apollutis.
514 1184 562 1245 ll.
584 1166 633 1264 gn.
659 1181 694 1248 U.
720 1181 829 1244 laad
852 1183 958 1246 martis
980 1192 1108 1265 portem.
1133 1183 1182 1245 13.
1204 1202 1231 1264 g.
1253 1183 1344 1248 fluuio
1366 1185 1396 1249 G
1418 1221 1457 1232 -
1480 1185 1579 1248 Curvo

316 1307 374 1349 orn.
396 1285 427 1348 G
449 1320 487 1330 -
510 1281 637 1366 pecnriie
659 1281 697 1349 G.
740 1283 865 1346 XXIV.
888 1283 917 1344 3.
944 1284 974 1346 in
1003 1284 1116 1347 etruria
1144 1319 1185 1330 -
1217 1284 1390 1348 auctoribus
1418 1285 1501 1348 ‹lecio
1524 1285 1580 1360 11²,

317 1387 402 1450 decio
424 1385 597 1448 auctoribus
619 1381 697 1446 U¹G
719 1417 759 1428 -
781 1383 821 1447 ad
849 1391 960 1445 sortem
990 1391 1152 1447 revocaret.
1186 1384 1215 1445 4.
1241 1383 1272 1445 in
1295 1385 1518 1448 contentionem
1541 1386 1580 1460 U,

316 1489 348 1550 in
372 1485 563 1550 contentione
585 1481 623 1545 G.
646 1483 676 1544 5.
699 1483 902 1546 conseruisset
923 1520 962 1530 -
985 1486 1107 1547 diceret.
1129 1479 1158 1546 7.
1182 1503 1270 1565 quam
1294 1494 1327 1547 ut
1352 1485 1393 1560 U,
1414 1506 1475 1568 qua
1492 1494 1527 1548 ut
1542 1483 1579 1548 G.

317 1587 348 1650 8.
370 1607 408 1650 ne
429 1585 529 1666 plebi's
551 1584 662 1645 aditus.
686 1583 735 1644 ll.
756 1585 808 1646 sed
831 1584 951 1646 honoris
975 1585 1130 1665 -gloria
1152 1604 1235 1666 eque.
1266 1585 1313 1647 14.
1336 1585 1525 1666 postremo(
1572 1630 1580 1647 .

319 1686 369 1771 ee)
390 1720 432 1734 -
453 1684 618 1765 periculum
640 1684 795 1746 dimicatio
816 1685 888 1761 (om.
911 1683 1005 1769 cum).
1041 1680 1088 1748 17.
1111 1695 1143 1748 et
1169 1685 1200 1746 id
1228 1693 1399 1747 natura-
1421 1689 1496 1749 duce
1524 1707 1579 1749 orn.

321 1787 370 1850 18.
393 1785 517 1848 comitia
538 1784 653 1846 habuit.
697 1784 807 1846 XXV.
832 1786 859 1847 l.
881 1786 922 1847 ad
944 1786 1092 1848 consules.
1114 1787 1144 1848 2.
1166 1799 1226 1847 1111.
1242 1785 1323 1847 milia
1337 1807 1395 1848 om.
1410 1787 1448 1850 G.
1471 1787 1499 1848 8.
1516 1805 1582 1848 ma-

316 1889 366 1970 jor
388 1921 428 1933 -
450 1905 531 1948 cura.
564 1884 594 1948 4.
618 1881 783 1968 abarnam)
806 1886 941 1950 hermam
965 1921 1005 1932 -
1027 1887 1124 1948 hostis
1149 1887 1187 1948 U.
1221 1885 1249 1948 5.
1273 1886 1409 1970 milibus)
1436 1887 1581 1950 militibus

321 2023 359 2036 —-
384 2005 450 2050 esee
472 2007 530 2049 om.
563 1983 593 2048 6.
616 1982 685 2070 ain)
708 2005 787 2048 anne
809 2021 848 2030 -
871 2006 950 2048 nnnc
972 1996 1084 2050 castra.
1118 1981 1147 2050 7.
1170 1985 1249 2048 vallo
1272 1987 1354 2050 lesen
1381 1991 1454 2064 (om.
1476 1986 1521 2071 et)
1542 2019 1582 2032 -

321 2097 353 2152 et
373 2097 447 2150 tunc
467 2087 498 2150 in
521 2121 562 2134 -
584 2087 681 2149 redite
703 2087 744 2161 U,
766 2085 881 2148 reddite
903 2084 942 2148 G.
968 2087 1015 2150 10.
1039 2087 1215 2150 nobiliorem
1244 2123 1280 2132 —
1297 2086 1428 2172 quanta)
1443 2107 1582 2170 quam-

322 2189 517 2252 hauddudum
541 2223 578 2232 -
602 2196 713 2249 exacta
733 2187 779 2260 U,
812 2195 902 2248 exeta
930 2185 969 2249 G.
1005 2189 1051 2250 ll.
1075 2187 1204 2250 camaris
1225 2186 1256 2250 U
1278 2223 1316 2232 -
1339 2189 1409 2250 olim
1432 2210 1456 2251 s.
1479 2209 1521 2250 ve.
1543 2188 1582 2250 U.

325 2291 373 2352 14.
396 2289 595 2370 periculosum
617 2287 647 2350 U
668 2322 709 2333 —
737 2307 792 2348 nec
824 2287 871 2350 ad.
909 2282 957 2350 17.
986 2296 1125 2350 moverat
1152 2289 1191 2350 U.
1234 2287 1359 2351 XXVI.
1384 2289 1410 2352 1.
1433 2298 1481 2351 est
1513 2307 1583 2370 pro-

322 2391 431 2452 ductus
452 2389 483 2452 U
505 2423 546 2436 -
568 2389 718 2468 indulgere
742 2387 878 2450 aliorum.
900 2389 929 2449 2.
953 2387 1083 2450 consulis
1104 2387 1279 2451 consulisU
1294 2423 1332 2434 -
1349 2389 1436 2452 malit
1450 2397 1483 2451 at
1497 2387 1584 2462 Gur,

322 2491 408 2554 malit
430 2495 485 2552 ant
506 2489 563 2554 11¹.
586 2489 616 2554 4.
638 2488 698 2550 fuit
719 2507 756 2550 ac
777 2488 941 2570 gratulatio
965 2524 1004 2536 -
1027 2489 1136 2552 animis
1152 2488 1288 2552 victoria.
1310 2487 1339 2552 6.
1355 2509 1505 2571 exponere
1520 2509 1585 2556 cer„-

320 2624 438 2688 tamina
459 2658 499 2670 -
520 2623 596 2684 satis
619 2622 676 2684 snit
698 2657 736 2667 -
759 2620 914 2706 pretoria)
935 2643 965 2706 p.
986 2607 1011 2686 r.
1043 2617 1073 2685 7.
1095 2623 1219 2686 clusium
1240 2623 1280 2698 U,
1302 2623 1407 2686 dueum
1431 2623 1469 2686 G.
1501 2621 1532 2692 8.
1554 2622 1583 2686 in

321 2725 407 2790 colle.
444 2723 491 2785 12.
513 2723 648 2786 tradunt.
684 2723 731 2784 13.
755 2742 774 2784 a
796 2721 901 2808 Gallo)
923 2724 1003 2804 gallo
1026 2723 1190 2804 -gallici
1222 2723 1292 2786 belli
1323 2722 1524 2792 tumultusU
1548 2757 1584 2768 -

321 2833 418 2888 terror
439 2844 497 2886 om.
536 2823 584 2885 14.
607 2831 807 2905 praeterquam
830 2819 926 2914 quod)
949 2833 1110 2906 postquam
1132 2859 1172 2870 -
1195 2824 1236 2891 ad
1258 2823 1369 2910 bellum
1397 2823 1524 2906 proiecti
1545 2858 1584 2876 ψ-

322 2925 442 2989 dilectie
464 2925 494 2988 U
516 2959 556 2969 -
578 2943 667 3006 quam
698 2924 826 2988 romani.
862 2924 909 2986 15.
931 2943 980 3005 gn.
1005 2960 1042 2970 —
1066 2925 1212 3005 megillus.
1261 2924 1404 2990 XXVII.
1430 2926 1457 2988 l.
1484 2932 1587 2986 uana-

321 3045 426 3108 greseo
448 3025 629 3108 appennino.
663 3026 692 3112 3.
715 3022 856 3107 samniti)
877 3025 1037 3090 samnitiis.
1070 3025 1100 3088 4.
1123 3025 1174 3108 qui
1196 3023 1313 3088 edictis.
1341 3025 1371 3090 5.
1394 3029 1588 3088 ammoveent

321 3127 362 3203 U,
384 3135 580 3200 ammoneant
601 3125 640 3190 G.
674 3123 704 3190 7.
727 3123 876 3208 adducta)
899 3126 1008 3188 addita
1028 3161 1069 3172 -
1091 3127 1229 3190 omnibns
1251 3125 1282 3188 in
1304 3145 1452 3207 campum.
1486 3125 1514 3188 9.
1537 3143 1588 3202 ro·

322 3228 481 3290 manis-
505 3227 644 3290 vertitur.
675 3227 723 3288 10.
746 3224 784 3298 Q.
807 3247 865 3288 om.
908 3219 1586 3309 xxvlll.1.eratne0tun-'qua)qno

322 3329 509 3392 U-cornn
531 3327 672 3408 laevoque.
694 3327 723 3390 4.
736 3327 871 3408 proelia.
885 3373 892 3390 .
906 3371 914 3389 .
929 3328 1109 3412 feminarum
1131 3348 1188 3391 om.
1212 3363 1252 3376 -·
1275 3347 1341 3390 esse
1362 3326 1394 3390 in
1409 3325 1457 3411 id)
1475 3325 1587 3388 ferocia

323 3447 389 3491 esse
412 3427 442 3490 in
465 3427 505 3490 id.
528 3425 557 3490 8.
581 3428 679 3492 madia
703 3428 843 3509 equitum.
866 3427 896 3491 9.
918 3429 1069 3492 insolitus.
1105 3429 1154 3492 10.
1177 3427 1283 3492 ita...
1306 3447 1397 3510 equos
1418 3426 1452 3488 in
1473 3445 1589 3488 summo

312 3526 374 3612 fol.
397 3527 469 3592 aad.
492 3529 531 3592 U.
556 3527 603 3592 16.
625 3529 822 3592 infernorum.
846 3523 894 3592 17.
918 3538 1139 3593 contracturum
1158 3564 1194 3576 -
1211 3529 1377 3592 funeribus.
1419 3527 1545 3592 XXIX.
1558 3527 1589 3588 2.

321 3630 352 3692 in
386 3629 518 3692 consulis
540 3648 648 3710 corpus
671 3637 852 3710 -torpere
882 3629 1018 3712 quidam)
1048 3637 1117 3710 torp
1139 3648 1154 3692 r
1176 3629 1296 3710 quidam
1317 3624 1391 3713 U‘)
1413 3626 1549 3714 (viduor
1570 3647 1591 3688 c

318 3730 427 3814 priam
449 3750 542 3792 manu
556 3727 658 3814 fuisse
679 3737 799 3810 torpere
821 3730 961 3812 quidem3
983 3727 1216 3814 deindealipuis
1235 3728 1510 3814 conpressa-ipsit),
1525 3736 1590 3790 tor-

323 3882 396 3944 pore
418 3864 547 3945 quodam
570 3863 608 3928 G.
632 3863 661 3926 3.
684 3862 905 3948 propraetore)
928 3883 1021 3945 prope
1043 3882 1098 3943 pro
1121 3882 1167 3945 pr.
1189 3861 1220 3926 5.
1242 3863 1279 3926 L.
1303 3884 1361 3926 om.
1384 3898 1424 3912 --
1445 3883 1475 3944 g.
1488 3863 1528 3938 U,
1539 3847 1590 3943 gn

324 3963 410 4027 G-
431 3965 551 4045 iussuq3
574 3963 604 4027 G
627 3997 666 4010 -
687 3962 746 4048 ibi)
768 3963 830 4026 ubi.
862 3963 891 4028 6.
918 3965 1008 4046 podes
1031 3963 1142 4027 collata
1165 3999 1204 4010 -
1226 3961 1377 4048 rarisque)
1400 3963 1527 4026 verutis.
1558 3959 1589 4024 8.

324 4065 432 4126 dextro
454 4083 558 4128 cornu.
595 4065 642 4127 10.
665 4065 921 4128 lacessitndinem.
952 4065 1001 4128 14.
1026 4065 1091 4145 ipse
1113 4065 1225 4126 eadem·
1242 4101 1282 4112 -
1304 4065 1403 4146 spolia
1425 4066 1496 4139 (oen.
1519 4058 1591 4146 que)

325 4231 362 4242 -
388 4197 503 4282 omnis)
526 4199 656 4260 hostium
680 4199 787 4261 omnis.
812 4197 860 4263 16.
882 4199 1032 4280 Egnatius
1055 4219 1111 4261 om.
1135 4235 1174 4250 —
1197 4219 1278 4262 caesa
1298 4182 1360 4262 ‘vm
1381 4197 1519 4260 militum.
1544 4193 1593 4258 18.

324 4297 524 4382 septingenti)
547 4319 600 4362 acc
615 4334 651 4344 -
665 4298 812 4383 hostium)
834 4300 989 4380 gallorum.
1027 4301 1077 4362 20.
1100 4299 1232 4362 omniurn
1254 4301 1323 4380 inde
1345 4300 1385 4364 U.
1428 4297 1538 4376 XXX.
1564 4298 1591 4358 l.

325 4413 372 4514 gn.
397 4433 425 4493 3.
448 4451 501 4512 per
523 4434 673 4516 pelignum
689 4452 793 4516 agrum
805 4452 884 4497 cnm.
906 4434 936 4498 5.
952 4413 1180 4516 snperadiccere
1196 4435 1235 4512 U,
1250 4409 1493 4516 supercadiecere
1507 4431 1537 4496 G
1553 4467 1558 4476 ·
1582 4465 1592 4473 -

368 4617 394 4686 *l
417 4615 477 4672 Hoc
499 4615 599 4672 folium
621 4615 686 4674 Uod.
710 4619 745 4686 U,
770 4637 858 4692 aqua,
881 4627 914 4676 ut
936 4619 1057 4698 videtur,
1095 4621 1258 4695 corruptum
1280 4617 1378 4682 multis
1402 4617 1472 4684 locis
1498 4617 1596 4674 literas

324 4703 458 4764 evanidas
479 4701 577 4762 habet.
