3578 5636
400 1095 559 1176 Exposita
580 1094 676 1176 igitur
703 1094 867 1176 scripturae
892 1094 1109 1178 discrepantia
1129 1095 1273 1178 sequitur
1294 1093 1438 1176 primum,
1470 1101 1505 1156 ut
1526 1093 1576 1156 vi-

319 1196 461 1272 deamus,
488 1214 557 1276 qnae
580 1195 777 1275 cognationis
806 1195 888 1257 ratio
915 1195 998 1260 inter
1019 1198 1050 1261 U
1073 1204 1105 1258 et
1127 1195 1158 1260 G
1179 1195 1362 1258 intercedat.
1406 1195 1512 1275 Atque
1535 1211 1574 1256 ex

275 1359 279 1365 ,
318 1297 359 1360 iis
392 1315 460 1378 qna
483 1315 522 1358 ex
545 1302 678 1377 utroque
701 1295 801 1358 allata
822 1303 904 1370 sunt,
932 1297 1024 1359 facile
1052 1295 1152 1378 patet,
1186 1315 1280 1377 quum
1307 1301 1472 1376 tantopere
1494 1293 1577 1356 inter

319 1417 353 1460 se
387 1395 590 1460 consentiant
621 1403 732 1477 totque
765 1395 939 1476 scripturas
968 1397 1028 1460 soli
1055 1397 1200 1477 proprias
1223 1397 1374 1471 habeant,
1408 1393 1516 1486 Gaut
1537 1413 1575 1456 ex

232 1561 234 1564 ,
318 1497 440 1580 ipsoU
470 1504 526 1559 aut
559 1516 599 1558 ex
621 1495 773 1558 communi
800 1505 932 1577 parente
955 1497 1148 1579 descriptum
1171 1517 1249 1572 esse.
1292 1497 1440 1559 Laconas
1463 1503 1495 1556 et
1517 1495 1575 1556 mi-

319 1617 412 1662 nores
435 1606 471 1660 et
488 1597 634 1677 majores,
657 1615 735 1679 quas
758 1597 789 1662 U
811 1597 923 1673 hebet,¹
941 1598 1066 1662 easdem
1080 1617 1199 1671 omnes,
1221 1598 1336 1660 multas
1351 1604 1576 1680 pratereano·

320 1717 379 1761 vas
407 1698 505 1761 habet
529 1696 567 1760 G.
611 1698 670 1760 Hae
693 1705 798 1760 sutem
820 1695 940 1762 lacones
961 1699 1081 1762 codicis
1102 1699 1139 1761 G·
1157 1698 1292 1779 pro'priae
1315 1713 1354 1764 ex
1376 1706 1467 1779 parte
1490 1697 1578 1777 ejns-

320 1799 406 1864 modi
428 1808 512 1872 sont,
533 1799 587 1859 rix
608 1804 645 1860 ut
665 1797 730 1860 nllo
753 1799 847 1861 modo
869 1799 1079 1880 probabiliter
1100 1799 1254 1880 explicari
1275 1799 1408 1880 possint,
1429 1797 1489 1860 nisi
1509 1804 1576 1860 sto-

320 1907 446 1962 tuamos
469 1899 499 1962 U
521 1897 624 1978 ipsam
647 1898 746 1961 fuisse
769 1899 943 1980 exemplar,
969 1901 1050 1962 ande
1076 1901 1107 1963 G
1129 1899 1308 1981 descriptus
1329 1901 1381 1962 sit.
1409 1900 1456 1963 Ut
1475 1899 1507 1960 3':
1526 1895 1574 1959 65.

322 2000 366 2061 ll·
379 1998 411 2062 G
430 1999 528 2061 habet
548 1996 721 2062 simulando
742 2001 786 2062 s'to
807 2020 838 2062 se
858 2002 954 2064 mines
966 1999 1145 2076 metuendos,
1169 2000 1293 2062 omissis
1307 1999 1434 2084 quisque
1446 2046 1452 2061 .
1466 2007 1493 2061 .’.
1515 2018 1578 2060 sss-

320 2106 406 2162 taont
428 2099 465 2163 bo
485 2108 543 2174 -‘··;
576 2099 643 2165 baec
676 2107 782 2166 autem
815 2100 887 2183 ipsa
917 2102 1144 2166 verbascum
1177 2119 1302 2163 versum
1329 2101 1360 2162 in
1384 2100 1414 2163 U
1437 2097 1575 2180 explent.

321 2200 419 2264 Aliud
446 2220 507 2264 non
537 2199 640 2262 minus
662 2199 785 2281 insigne
807 2201 981 2282 exemplum
1005 2210 1054 2264 est
1080 2203 1110 2264 b:
1135 2202 1182 2264 14.
1208 2202 1234 2263 l.
1258 2201 1312 2263 nbi
1334 2199 1452 2284 major.
1470 2245 1501 2264 ..
1524 2195 1578 2262 sed

317 2321 414 2386 prope
447 2301 551 2363 omisit
573 2300 603 2364 G
626 2300 714 2363 oculo
741 2301 908 2364 aberrante
937 2303 977 2365 ab
999 2287 1100 2366 altero
1123 2303 1165 2364 ad
1187 2301 1319 2365 alterum
1338 2320 1445 2384 prope.
1488 2301 1526 2362 ln
1547 2299 1579 2362 U

320 2403 418 2465 verbe
440 2401 496 2464 illa
523 2401 556 2463 in
588 2397 619 2462 G
647 2400 764 2463 omissa
790 2421 915 2482 persam
943 2403 1100 2484 integrum
1129 2403 1266 2484 explent,
1288 2410 1420 2483 utroque
1443 2419 1536 2463 versu
1557 2418 1578 2460 a

318 2521 416 2586 prope
437 2501 618 2583 incipiente.
651 2502 681 2562 3:
703 2500 754 2564 61.
776 2496 805 2564 7.
826 2502 858 2566 in
880 2503 911 2566 U
927 2504 1077 2586 superior
1103 2522 1213 2566 verens
1235 2503 1345 2566 finitur
1365 2501 1470 2564 verbis
1487 2498 1579 2592 pcdi-

322 2609 387 2668 rnen
409 2602 490 2666 dicto
515 2601 649 2666 inferior
670 2599 779 2664 verbis
800 2601 939 2666 virtutem
957 2605 1113 2688 peditem:
1142 2603 1173 2668 G
1195 2605 1235 2666 ab
1257 2603 1362 2666 altero·
1379 2603 1422 2664 od
1444 2602 1581 2666 alterum

316 2703 456 2787 peditum
477 2701 677 2765 transsiliens
701 2701 869 2783 interjecta
892 2703 1009 2767 omisit.
1053 2705 1210 2768 Similiter
1240 2705 1340 2769 1:32.
1365 2704 1413 2766 13.
1436 2701 1578 2785 superior

321 2821 432 2866 versos
455 2802 487 2864 in
510 2803 541 2872 U
562 2802 670 2864 finitur
699 2803 803 2866 verbis
825 2801 1021 2866 bellovacum
1039 2805 1151 2888 priscis
1173 2803 1286 2879 latinis,
1318 2805 1449 2868 inferior
1470 2801 1579 2866 bellam

320 2924 390 2966 cum
406 2903 521 2987 priscis
540 2900 573 2964 ¹lo
590 2937 641 2978 -‚
663 2902 696 2966 in
719 2901 750 2965 G
770 2905 874 2968 media
896 2906 1014 2968 omissa
1035 2915 1118 2968 sunt.
1144 2906 1171 2967 l:
1196 2907 1244 2968 12.
1266 2904 1296 2968 8.
1320 2903 1351 2969 G
1373 2925 1412 2968 ex
1433 2903 1579 2967 decacor-

268 3061 270 3067 .
322 3013 406 3068 reret
427 3003 608 3067 transsiluit
629 3004 669 3066 ad
692 3013 769 3080 erat,
789 3006 995 3086 Uotrnmque
1018 3005 1050 3068 in
1073 3005 1176 3068 medio
1199 3025 1293 3068 versu
1315 3005 1500 3069 collocatum
1520 3004 1579 3066 ha-

324 3101 458 3180 hatita,
485 3113 521 3168 ut
542 3104 677 3168 alterum
700 3113 765 3168 crat
786 3105 845 3167 sub
868 3107 968 3168 altero
991 3107 1140 3187 scriptum
1163 3106 1216 3170 sit.
1244 3107 1274 3169 4:
1297 3107 1347 3169 43.
1370 3107 1399 3168 4.
1423 3107 1482 3168 dno
1505 3121 1579 3166 vcr-

324 3223 377 3268 sns
412 3205 530 3268 codicis
552 3203 583 3268 U
613 3205 719 3271 omisit
741 3203 772 3267 G
798 3207 1042 3270 transcurrendo
1066 3209 1107 3270 ab
1129 3207 1229 3270 altero
1251 3227 1370 3270 samm
1391 3225 1446 3290 ope
1468 3205 1509 3267 ad
1530 3203 1580 3265 al-

241 3301 243 3308 ‘
319 3315 432 3374 terum.
454 3306 491 3368 In
502 3305 533 3370 U
545 3305 626 3368 enim
637 3305 725 3386 prior
739 3325 849 3372 versus
864 3307 971 3370 finitur
987 3307 1091 3370 verbis
1101 3317 1210 3392 potres
1223 3327 1343 3370 samma
1354 3327 1409 3390 ope
1420 3305 1518 3390 adpro
1528 3338 1579 3378 -‚

320 3438 434 3502 tertios
455 3458 575 3501 somma
596 3459 651 3522 ope
672 3438 748 3501 ansi
765 3474 814 3502 -.
858 3439 1011 3505 Similiter
1038 3441 1066 3505 6:
1090 3437 1139 3506 37.
1162 3441 1191 3505 9.
1215 3441 1254 3504 ab
1271 3427 1306 3526 p.
1323 3427 1361 3516 ν’,
1383 3442 1425 3503 ad
1447 3440 1579 3502 alterum

318 3559 352 3660 p.
371 3557 412 3649 bs,
436 3574 518 3655 quod
535 3573 565 3636 in
580 3573 612 3638 U
625 3591 712 3654 paene
726 3573 809 3636 infra
822 3572 901 3636 illud
913 3575 1064 3656 scriptum
1078 3581 1194 3651 exstat,
1208 3575 1386 3639 transsilnit
1398 3573 1437 3638 G.
1459 3575 1578 3638 Eadem

322 3675 388 3739 fere
403 3683 451 3738 est
469 3673 552 3736 ratio
576 3681 625 3736 est
646 3672 674 3735 6:
696 3673 745 3736 4l.
770 3674 819 3748 11,
843 3675 891 3736 1οε
913 3674 943 3738 8.
966 3676 996 3750 4,
1021 3674 1069 3738 lb.
1091 3677 1137 3750 12,
1160 3679 1208 3739 32.
1229 3665 1259 3740 4.
1539 3749 1541 3752 ,

406 3774 539 3838 Accedit
561 3770 623 3836 alis
651 3792 712 3849 res,
735 3792 803 3855 quae
825 3793 886 3837 non
909 3775 1011 3838 minos
1033 3776 1197 3858 perspicue
1219 3777 1433 3840 demonstrare
1455 3772 1581 3836 videtur

321 3893 361 3940 ex
375 3874 407 3940 U
426 3875 496 3957 ipso
517 3873 671 3956 originem
695 3872 725 3936 G
748 3874 871 3938 ducere.
903 3873 1008 3947 Quum
1036 3877 1115 3940 enim
1140 3877 1254 3959 saepius
1272 3879 1303 3941 in
1318 3877 1349 3940 U
1362 3875 1464 3959 primo
1479 3891 1578 3956 prave

323 3975 443 4059 aliquid
459 3975 621 4058 scriptum,
642 3975 755 4040 deinde
778 3985 949 4053 correctum
972 3985 1066 4052 esset,
1089 3977 1119 4042 G
1141 3996 1203 4041 non
1226 3998 1298 4041 raro
1321 3984 1355 4040 et
1376 3977 1435 4039 hoc
1452 3983 1484 4037 et
1502 3973 1580 4036 illud

322 4077 357 4140 in
379 4076 554 4140 orationem
576 4075 704 4158 recepit.
739 4076 965 4140 Uestale.
989 4097 1084 4158 quum
1107 4097 1163 4161 pro
1184 4079 1308 4143 modom
1329 4076 1461 4158 Uprimo
1477 4073 1579 4156 scrip—

324 4175 420 4240 sisset
439 4177 521 4252 isse,
543 4185 618 4252 turn,
640 4177 700 4240 hoc
721 4178 848 4258 punctis
870 4184 991 4252 notato,
1014 4197 1169 4260 suprave.
1182 4179 1313 4255 medem,
1336 4175 1500 4241 Grandem
1511 4174 1583 4238 inde

323 4277 431 4340 habet.
453 4280 482 4340 2:
498 4277 548 4342 63.
565 4274 592 4340 7.
608 4279 639 4342 U
654 4277 805 4340 aberrans
822 4279 861 4340 ad
875 4278 993 4354 deinde,
1016 4298 1106 4360 aquo
1122 4279 1275 4342 vocabulo
1288 4279 1402 4360 incipit
1413 4277 1579 4358 insequens

325 4377 535 4455 enuntiatum,
556 4378 657 4460 primo
680 4377 850 4460 scripserat
870 4377 977 4442 deinde
998 4379 1083 4455 dam,
1105 4365 1160 4444 sei
1182 4379 1291 4444 deinde
1313 4378 1480 4462 expnnrit3
1501 4378 1532 4439 in
1550 4373 1581 4437 G

323 4477 479 4570 scriptam
503 4487 551 4542 est
572 4478 680 4544 deinde
697 4477 788 4553 dcm5
810 4481 839 4541 3:
850 4479 901 4541 24.
914 4479 943 4542 5.
960 4490 1201 4562 promeruerant
1217 4480 1250 4544 in
1264 4480 1408 4562 Uprimo
1427 4477 1580 4558 scriptum

324 4618 395 4675 erat
415 4583 585 4688 militasse.
608 4614 720 4677 deinde
737 4632 834 4695 snpra
851 4633 898 4677 vs.
918 4613 1062 4676 additum
1080 4612 1099 4676 l.
1110 4600 1250 4689 nemea,
1271 4613 1300 4677 G
1317 4613 1417 4676 habet
1426 4596 1583 4675 militooer.

324 4731 469 4823 meraca:
490 4747 519 4808 3:
531 4739 583 4810 47.
594 4747 624 4812 4.
641 4767 698 4829 pro
708 4743 902 4833 postulatam,
913 4749 958 4812 U:
975 4747 1116 4832 petitum,
1127 4767 1221 4831 supra
1234 4747 1353 4829 scripto
1365 4747 1475 4811 eadem
1489 4763 1584 4809 mana
