3578 5636
190 737 250 780 om.
273 717 301 784 3.
325 735 400 797 quas
423 715 495 801 sua)
517 736 576 798 qua
597 735 652 780 sua
677 751 714 766 -
737 733 810 796 opes
832 715 900 778 sibi.
929 714 958 778 5.
981 735 1018 778 ao
1040 713 1190 796 plerisque
1212 751 1251 762 —
1273 713 1403 798 ecquod)
1419 734 1454 777 eo

190 817 268 898 quod
294 851 330 862 -
354 837 476 897 compar
496 837 554 882 om.
577 815 617 880 G.
640 815 668 882 6.
691 816 874 878 vocavit-
896 816 1111 880 concelebrant
1132 849 1173 862 -
1195 816 1347 878 facerent.
1360 815 1390 877 8.
1403 835 1454 878 55-

192 917 329 980 nicenses
352 915 390 979 G.
414 915 442 978 9.
457 913 566 1000 etiarn)
588 917 658 980 iam.
684 917 732 978 10.
755 913 854 999 veuit)
871 917 994 978 advenit
1015 949 1056 960 —
1078 911 1256 998 rapiendas)
1278 915 1452 995 capiendas.

194 1017 240 1080 ll.
264 1017 411 1079 (15151551.
437 1019 484 1078 12.
506 1017 605 1096 specie
628 1035 664 1078 eo
686 1015 907 1095 pulchritudine
929 1015 1073 1094 insignem
1103 1049 1141 1060 --
1165 1015 1303 1076 thalassii
1322 1015 1455 1078 ·-·'tba-

192 1114 293 1179 lessio.
319 1117 365 1180 l4.
378 1117 478 1196 generi
490 1117 529 1190 U,
543 1135 648 1198 genere
661 1114 698 1177 G.
725 1114 770 1178 15.
783 1115 878 1197 quod)
891 1134 949 1196 quo
963 1149 1001 1162 -
1014 1123 1171 1195 parentum
1181 1149 1219 1160 -
1230 1115 1273 1177 X.
1289 1116 1315 1176 l.
1328 1123 1359 1176 et
1371 1115 1455 1194 lege-

191 1215 304 1296 tiones)
328 1217 491 1295 legationes
513 1215 552 1278 G.
575 1219 603 1279 2.
626 1215 685 1294 Ipsi
706 1235 763 1276 om.
787 1216 817 1276 3.
839 1213 893 1298 ne)
922 1235 976 1277 nec
997 1249 1038 1260 -
1062 1213 1199 1296 movent)
1232 1223 1377 1276 moveant
1398 1215 1454 1289 Ul,

193 1317 359 1378 movebant
380 1311 436 1389 U²‚
459 1316 622 1378 movebant
648 1315 687 1378 G.
709 1315 738 1376 4.
751 1315 828 1376 iram
850 1311 932 1397 esse)
955 1314 1041 1376 iram.
1064 1315 1092 1375 5.
1116 1315 1253 1376 ascendit
1275 1349 1315 1360 -
1337 1334 1372 1376 ea
1394 1335 1453 1376 om.

190 1416 229 1479 G.
253 1449 293 1462 —-
316 1415 445 1497 deo)do.
468 1409 497 1480 7.
520 1415 709 1497 compotum)
731 1415 937 1493 compositam.
966 1414 1027 1477 XI.
1054 1415 1078 1475 l.
1102 1413 1252 1476 hostiliter
1279 1433 1337 1475 om.
1360 1449 1400 1460 -
1423 1421 1455 1476 et

192 1513 248 1598 ad)
261 1524 301 1578 et.
328 1513 357 1576 6.
380 1515 632 1595 corrupit-arx
653 1534 711 1576 om.
734 1513 772 1576 G.
785 1533 962 1592 ——usquem
984 1533 1042 1576 om.
1066 1513 1104 1578 G.
1125 1513 1155 1576 8.
1179 1513 1290 1576 fabulae
1312 1549 1352 1560 -
1374 1522 1457 1576 esset

188 1615 326 1678 baberet.
354 1613 538 1696 11551555)
561 1605 696 1678 decreto.
726 1615 801 1678 XII.
824 1615 853 1676 2.
877 1613 993 1676 boetius
1015 1633 1074 1676 om.
1096 1614 1124 1675 3.
1148 1611 1283 1695 hostius)
1306 1613 1455 1676 hostilius.

191 1822 305 1876 vatam.
329 1809 509 1876 755151151.
534 1849 571 1858 —
593 1811 622 1874 8.
646 1823 676 1874 et
697 1814 851 1876 effusos..
865 1861 870 1874 .
884 1813 990 1892 palatii
1013 1823 1078 1874 eret
1099 1833 1156 1874 om.
1169 1811 1208 1874 G.
1230 1813 1324 1876 XIII.
1339 1815 1368 1876 2.
1386 1813 1455 1875 bino

193 1914 272 1976 viros
305 1913 374 1975 bine
396 1923 499 1993 patres
528 1949 565 1958 -
588 1932 621 1974 se
644 1913 787 1994 sanguine
812 1948 849 1956 --
874 1913 1032 1974 liberorum
1056 1913 1204 1994 progenie.
1226 1913 1256 1974 3.
1269 1923 1402 1975 movent.
1419 1911 1455 1976 5.

193 2013 304 2094 aliquid
327 2023 429 2076 tamen
454 2049 491 2058 -
515 2031 605 2094 equos
626 2013 750 2074 curtius.
771 2010 861 2074 XIV.
884 2013 914 2073 3.
937 2009 1016 2094 rem)
1039 2032 1098 2074 rem
1126 2031 1192 2074 cum
1221 2010 1260 2074 G.
1289 2032 1403 2076 romam
1426 2021 1457 2075 et

193 2113 353 2175 Lavinium
366 2112 405 2176 G.
427 2113 457 2176 4.
480 2121 621 2174 vastatur
641 2113 682 2188 U,
704 2120 863 2175 vastentur
874 2112 913 2175 G.
935 2111 965 2174 5.
989 2113 1144 2174 dexteram
1158 2147 1196 2157 -
1209 2119 1274 2173 tum
1286 2131 1403 2193 magna.
1416 2147 1456 2158 -

193 2212 221 2274 (1.
244 2223 307 2274 tom
331 2209 478 2296 vicinum)
501 2221 621 2275 tentum
644 2205 773 2275 vicinum
794 2211 824 2274 8.
848 2212 929 2274 iuter
950 2231 1079 2292 puguant
1104 2247 1140 2256 ——
1164 2209 1194 2273 9.
1218 2211 1326 2293 quique
1341 2232 1407 2275 cum
1423 2233 1457 2275 eo

193 2313 250 2374 visi
273 2321 370 2375 erant.
394 2313 441 2374 ll.
455 2331 516 2374 uno
530 2313 656 2392 agmine.
679 2311 754 2374 XV.
780 2312 806 2373 l.
830 2311 1015 2374 velnentIum
1028 2310 1066 2374 G.
1089 2312 1118 2374 4.
1136 2307 1217 2395 erte)
1233 2321 1369 2392 parte-
1386 2321 1457 2373 tan·
1535 2355 1539 2362 -

194 2423 257 2474 tum
270 2413 309 2487 U,
337 2409 399 2474 tant
422 2411 460 2476 G.
483 2447 524 2458 —-
547 2412 651 2476 vineit.
674 2447 714 2458 -
738 2411 768 2474 5.
791 2409 939 2494 volentes)
957 2420 1106 2492 vaegentes
1127 2411 1166 2474 U.
1188 2411 1281 2474 XVI.
1307 2413 1332 2473 l.
1356 2411 1459 2474 subita

193 2521 298 2575 coorta
326 2549 359 2558 --
382 2521 463 2574 metu
485 2512 577 2574 uicta.
599 2513 631 2574 4.
655 2511 787 2594 aliquos)
810 2511 886 2573 elios
909 2548 946 2556 -
976 2513 1028 2574 sed
1050 2510 1457 2596 perobscure)subobscura.

193 2611 222 2675 6.
234 2612 355 2674 obviam
368 2647 408 2660 --
420 2613 721 2692 venerabundusque.
744 2611 773 2672 8.
786 2611 871 2674 fides.
886 2611 995 2675 XVII.
1011 2612 1037 2674 l.
1051 2611 1214 2692 osingulis.
1238 2612 1267 2673 3.
1282 2631 1405 2691 regnare
1419 2647 1457 2657 -

194 2714 325 2775 nondum
348 2713 514 2774 dulcedine.
536 2713 566 2774 4.
579 2710 764 2792 clvitetium)
787 2706 954 2773 civitatum.
976 2710 1005 2772 8.
1018 2710 1199 2794 sensissent)
1215 2712 1403 2774 censuissent
1418 2747 1458 2757 —-

195 2833 230 2876 ea
243 2812 370 2894 moveri)
383 2821 414 2874 et
426 2812 559 2873 amoveri
581 2813 714 2892 —quod
734 2811 874 2872 amissuri
894 2821 981 2872 eraut
994 2831 1052 2874 om.
1066 2811 1104 2874 G.
1127 2811 1155 2874 9.
1178 2812 1222 2876 sio
1243 2820 1342 2874 ratum
1355 2813 1394 2886 U,
1415 2813 1460 2875 sio

194 2922 313 2993 gratum
335 2947 374 2958 -
397 2910 493 2995 111515)
514 2913 544 2974 id
568 2911 656 2974 euim.
678 2946 719 2960 -
743 2911 791 2974 10.
802 2908 893 2994 5551)
915 2912 1020 2974 fierent
1031 2913 1070 2974 U.
1091 2911 1219 2977 XVIII.
1235 2914 1264 2974 2
1280 2920 1349 2992 post
1362 2931 1459 2974 anuos

194 3033 252 3076 om.
276 3011 314 3076 G.
337 3047 376 3060 -ψ
399 3011 572 3074 Crotonem.
594 3012 624 3076 3.
648 3031 712 3093 quae
735 3013 826 3074 fame.
849 3011 878 3072 4.
902 3012 1074 3074 sabinorum
1098 3019 1232 3074 veterum
1255 3012 1292 3074 G.
1321 3011 1350 3074 6.
1372 3014 1457 3093 ergo)

194 3131 265 3192 erga
287 3147 326 3158 ν-
348 3111 379 3174 15
402 3111 516 3193 lapide)
542 3112 682 3192 lapidem.
705 3111 735 3173 8.
748 3107 822 3194 quo)
844 3112 933 3190 quod.
956 3112 1049 3175 XIX.
1073 3112 1102 3174 2.
1125 3109 1262 3195 efferari)
1284 3111 1395 3174 elleros
1416 3145 1459 3158 -

194 3210 291 3294 utin)
306 3219 348 3278 51.
371 3213 399 3274 3.
414 3211 520 3274 Mallio
535 3214 581 3287 (ut
602 3231 719 3295 semper
738 3209 812 3287 fere,
835 3231 907 3272 nam
917 3220 970 3272 out
981 3206 1111 3284 Mallius,
1133 3219 1186 3274 out
1200 3211 1353 3285 Manilius,
1368 3232 1457 3274 5155-

167 3365 169 3370 ,
196 3333 290 3395 quam
311 3311 442 3374 Manlius
464 3311 609 3394 comptum
631 3311 755 3391 515551).
778 3309 808 3372 6.
830 3311 989 3392 describit)
1011 3311 1166 3374 distribuit
1188 3347 1226 3358 -
1254 3311 1459 3374 intercalares.

194 3412 271 3475 XX.
296 3411 323 3474 l.
345 3410 552 3476 sacerdotibus
573 3405 620 3473 U²
633 3411 673 3484 G,
695 3429 733 3474 ex
755 3411 960 3472 sacerdotibus
976 3411 1031 3474 U¹.
1052 3411 1081 3472 4.
1098 3410 1214 3492 Salios)
1237 3411 1314 3473 alios
1337 3445 1374 3458 -—
1397 3411 1461 3474 sol-

196 3511 286 3578 lemni
296 3510 328 3574 G
345 3509 418 3592 (om.
430 3509 513 3593 que).
535 3509 717 3594 55515155)
740 3503 897 3584 5551511,
920 3530 1009 3572 nurno
1024 3510 1062 3573 G.
1091 3508 1121 3572 6.
1136 3512 1310 3574 turbaretur
1331 3511 1371 3584 U,
1394 3520 1461 3575 tur-

195 3610 387 3676 barsotorG.
408 3611 500 3676 XXI.
525 3611 552 3674 l.
574 3610 721 3690 proximo.
744 3612 772 3672 2.
796 3609 904 3693 autea)
931 3618 1014 3672 ente.
1037 3611 1065 3673 3.
1088 3608 1147 3694 ibi)
1169 3611 1227 3676 sibi
1254 3647 1292 3656 —-
1322 3611 1458 3676 concilis.

193 3710 303 3775 XXII.
328 3711 354 3772 l.
377 3711 516 3775 Tullium.
542 3745 579 3762 w
601 3711 630 3774 4.
654 3709 689 3774 0.
702 3708 845 3796 Cluilius)
868 3729 894 3790 g.
917 3710 1044 3774 Publius
1060 3745 1098 3756 -·
1115 3711 1232 3776 Tullius
1245 3745 1282 3758 —·
1298 3729 1387 3791 quam
1400 3731 1458 3773 ons.

196 3797 447 3893 (1555511111.
470 3831 494 3876 e.
519 3809 660 3893 comiter)
683 3811 723 3884 U,
745 3811 870 3875 comites
886 3810 924 3874 G.
946 3805 975 3874 7.
997 3820 1186 3891 aspernatos.
1209 3811 1333 3892 XXIII.
1345 3813 1375 3874 2.
1391 3829 1459 3874 cer·

195 3907 310 3994 tatum)
322 3911 511 3974 cartadatum
522 3911 579 3984 111,
596 3920 746 3976 certatum
759 3911 813 3976 U2.
831 3912 861 3974 3.
874 3909 1407 3993 5151115)5151111--555555555555
1420 3946 1459 3958 «-

193 4009 224 4074 4.
248 4030 313 4075 cum
337 4018 490 4076 vetustate
512 4045 552 4058 -
575 4010 708 4076 abolevit
739 4011 784 4084 U,
807 4009 939 4077 obolevit
959 4009 999 4074 G.
1028 4009 1145 4075 civilius
1169 4047 1205 4056 -
1229 4010 1395 4074 Sotiatium
1417 4045 1459 4058 »-

196 4107 318 4194 Tullus)
341 4129 395 4172 rex
416 4110 532 4173 Tullus.
555 4109 584 4172 5.
607 4109 706 4192 ducit)
729 4111 808 4176 duci.
830 4109 861 4173 6.
874 4111 1133 4177 afferebantur-
1146 4111 1263 4174 structi.
1280 4104 1309 4172 7.
1325 4109 1459 4174 redditas

196 4230 235 4272 ex
254 4211 387 4272 'loedere
419 4230 467 4271 res
490 4247 528 4255 —
552 4209 693 4274 ciuilium.
726 4211 755 4272 8.
778 4211 887 4274 vellem
912 4229 1004 4272 -es
1041 4207 1164 4298 Tuscis)
1190 4211 1308 4274 volscis.
1348 4210 1377 4274 9.
1400 4211 1460 4278 utri

176 4309 287 4392 utris)
309 4309 378 4372 utri.
414 4311 461 4372 lo.
484 4320 549 4372 tum
571 4309 681 4372 indole.
703 4310 829 4373 XXIV.
852 4311 881 4372 3.
904 4319 939 4372 51
960 4310 1060 4392 cujus)
1083 4319 1116 4374 51
1138 4311 1291 4392 cujusque.
1314 4309 1343 4374 5.
1365 4311 1460 4392 quiri-

194 4408 270 4476 tium
293 4429 395 4472 causa.
417 4408 447 4471 6.
469 4411 494 4471 is
516 4430 574 4472 om.
597 4404 625 4472 7.
648 4406 779 4492 iuppiter
806 4409 877 4472 audi
905 4431 964 4472 om.
987 4409 1234 4494 —postremum
1258 4447 1296 4456 -
1319 4421 1384 4474 tom
1407 4411 1460 4473 illa

195 4509 252 4572 die.
274 4507 303 4572 9.
325 4509 356 4570 id
379 4509 457 4572 dixit
478 4509 539 4572 ubi.
568 4509 676 4576 XXV.
701 4509 1365 4592 155ρὶ551555511-(155555151551116,
1388 4511 1458 4572 deos

193 4610 338 4689 patricios
361 4609 403 4671 U¹
430 4644 469 4656 -
492 4611 607 4672 illorum
629 4618 702 4672 tunc
725 4630 811 4672 arma
831 4631 888 4673 om.
921 4611 950 4672 2.
973 4611 1131 4690 prasentia
1154 4611 1249 4691 magis
1272 4611 1395 4692 periculi
1417 4645 1457 4656 -

192 4709 403 4776 incendantur.
427 4710 455 4774 3.
479 4709 596 4776 animos
618 4718 755 4796 gerentes
777 4729 952 4799 magnorum
975 4711 1171 4778 exercituum.
1194 4709 1224 4780 6.
1246 4711 1321 4775 rice.
1343 4709 1373 4772 8.
1388 4727 1459 4798 pro-
