3578 5636
341 517 381 572 ιι
817 513 847 570 n.
870 512 916 570 w.
937 511 1121 586 ‘maworn

341 683 509 765 sagacitate
530 701 662 756 erronea,
683 682 734 764 qui
757 691 922 746 oeteromm
944 684 1040 746 aciem
1063 683 1217 762 fugerant,
1239 681 1369 756 detexit,
1391 689 1538 762 tantaque
1553 681 1599 743 in-

342 783 419 865 genii
442 781 589 846 felicitate
611 801 714 846 verum
736 783 894 847 inventum
916 783 1068 856 restituit,
1090 782 1144 844 vix
1165 791 1200 844 ut
1222 782 1386 863 quidquam
1409 781 1479 844 aliie
1493 801 1599 862 auper-

342 903 408 946 eaee
429 883 576 946 videatur.
620 883 806 947 Dubitauter
826 885 918 964 igitur
939 892 971 946 et
992 903 1052 964 qua
1073 884 1160 945 decet
1181 881 1360 945 verecundia
1375 901 1410 944 ea
1425 901 1600 962 proponam,

342 1003 408 1066 quae
435 982 465 1045 in
494 983 523 1046 U
545 983 654 1046 rectius
675 983 791 1064 aoripta
811 991 866 1046 aut
886 993 967 1046 certe
986 1002 1044 1045 non
1059 982 1183 1064 indigna
1198 991 1305 1044 notatu
1320 982 1423 1044 videor
1438 981 1600 1044 invenisse.

342 1085 390 1148 Ac
411 1083 537 1164 primum
561 1083 680 1164 quidem
702 1083 732 1144 iu
755 1102 807 1157 eo,
829 1083 907 1164 quod
929 1086 959 1146 2:
980 1084 1033 1148 45.
1057 1083 1105 1144 13.
1128 1082 1273 1163 scriptum
1296 1082 1400 1144 babet:
1423 1091 1537 1145 emm
1558 1091 1601 1142 eat

340 1193 430 1268 ctqae
443 1181 594 1265 decretam
604 1203 665 1246 reon
675 1181 751 1246 dure
761 1183 898 1266 ciperem
919 1183 981 1246 πίει·
998 1184 1122 1248 victorea
1148 1202 1180 1245 ea
1200 1181 1354 1245 rediteeroa
1372 1202 1411 1245 ee
1424 1181 1482 1244 boc
1493 1201 1600 1265 propria

336 1284 487 1366 jae-ent,
520 1301 574 1363 pro
595 1301 653 1363 quo
675 1281 736 1345 ΡΜ
757 1283 894 1364 praebent
908 1282 1032 1366 jurant,
1067 1301 1125 1345 non
1148 1282 1263 1344 diutius
1284 1282 1506 1356 commorabor3
1528 1301 1598 1344 nam

344 1393 504 1464 utrumque
526 1401 616 1463 quum
639 1391 721 1445 recte
743 1383 875 1458 dicatur,
907 1384 938 1445 iu
961 1403 995 1446 eo
1018 1383 1138 1446 videtur
1159 1383 1302 1444 standum
1325 1399 1408 1455 esee,
1439 1383 1517 1463 quod
1539 1381 1599 1444 MP

343 1483 487 1566 prebent
530 1482 593 1544 Sed
614 1483 693 1564 quod
716 1482 759 1544 ib.
782 1483 797 1564 ς
821 1483 859 1544 15
880 1483 911 1546 U
932 1483 1038 1558 babet,
1069 1503 1150 1544 ncnc
1178 1490 1296 1544 armato
1317 1479 1376 1545 eidi
1396 1482 1524 1566 quiaque
1545 1499 1598 1562 pro

342 1581 454 1646 arnadi
474 1581 534 1645 aidi
554 1583 695 1666 quiaque,
717 1582 846 1646 sortasse
867 1583 1068 1665 recipiendum
1092 1591 1152 1656 oet,
1174 1599 1356 1664 quamquam
1380 1582 1552 1662 Madvigius
1567 1581 1598 1642 in

343 1683 523 1766 prefatione
543 1681 619 1744 satie
642 1683 736 1745 muita
757 1683 896 1763 exempla
916 1684 1049 1746 durioris
1071 1683 1149 1744 iliius
1170 1682 1366 1744 attractionis
1388 1683 1509 1763 generis
1536 1679 1599 1744 ool-

342 1785 429 1864 lagit,
450 1783 557 1864 quibne
578 1782 699 1844 defendi
721 1782 817 1862 pessit
838 1785 960 1846 armati.
1003 1783 1121 1846 Deinde
1143 1783 1221 1864 quod
1243 1783 1273 1844 2:
1288 1776 1339 1845 47.
1353 1780 1382 1844 6.
1404 1783 1435 1846 in
1458 1782 1489 1844 U
1503 1782 1597 1862 primo

343 1883 488 1964 aoriptum
522 1891 572 1944 eat
599 1879 705 1964 plebea
730 1881 893 1964 jrmeaaen,
926 1883 1039 1946 omieeo
1059 1903 1152 1957 ream,
1174 1892 1255 1946 carte
1276 1901 1336 1944 vox
1357 1881 1412 1944 illa
1432 1881 1600 1944 cremina

343 1983 500 2046 sententiae
521 1982 582 2044 ulio
603 1983 714 2044 damno
736 1983 843 2045 abeeee
856 1991 972 2063 puteet;
994 1983 1053 2046 nisi
1076 1985 1154 2045 forte
1173 1991 1307 2044 statuere
1321 1982 1471 2057 volumus,
1492 1999 1599 2044 omuee

344 2102 409 2158 ece,
431 2083 480 2164 qui
502 2083 591 2164 paulo
613 2091 685 2145 aute
706 2103 884 2167 quecunque
905 2083 1021 2148 eeitum
1041 2082 1207 2146 ostenderet
1226 2101 1310 2166 aper,
1338 2101 1416 2145 occo
1442 2080 1600 2165 aliquado

253 2199 256 2203 ·
342 2183 457 2269 impete
477 2182 535 2245 iace
547 2190 719 2256 narrantur,
740 2182 770 2244 iu
788 2203 880 2246 unum
899 2183 963 2262 jam
985 2184 1105 2264 globum
1120 2202 1153 2244 se
1166 2184 1378 2261 congregasse,
1399 2182 1430 2244 id
1445 2183 1525 2263 quod
1543 2200 1600 2262 pa·

346 2302 413 2347 rum
436 2282 589 2364 probabile
601 2282 730 2344 videtur.
742 2283 823 2345 -bz
838 2281 888 2345 39.
907 2284 933 2346 1.
956 2283 1034 2365 quod
1057 2283 1087 2347 U
1104 2283 1249 2363 scriptum
1267 2282 1399 2362 praebet:
1416 2283 1523 2366 primo
1543 2291 1601 2344 ete·

343 2391 443 2448 urent
464 2391 544 2446 certe
565 2401 624 2444 uon
648 2381 749 2444 minua
770 2391 840 2464 apte
862 2383 1004 2447 hocloco
1026 2383 1144 2456 dicitur,
1165 2401 1255 2464 quam
1277 2383 1355 2464 quod
1378 2383 1410 2444 in
1432 2383 1500 2445 aliie
1516 2382 1600 2445 codi-

238 2487 249 2494 '
343 2484 428 2548 cibue
450 2491 497 2545 eat
513 2482 653 2566 primum
674 2490 794 2557 autem
815 2485 896 2565 quod
917 2485 997 2547 idem
1019 2484 1077 2546 dici
1099 2491 1200 2566 potest
1220 2483 1259 2544 de
1281 2483 1341 2546 aiio
1364 2483 1430 2546 loco
1445 2478 1537 2546 ⁷:34.
1551 2484 1599 2545 12.

343 2585 396 2648 ubi
418 2593 519 2646 tamen
541 2582 572 2644 in
595 2582 747 2662 scripture
763 2583 903 2666 primam
924 2584 1117 2647 consentiunt
1137 2583 1272 2658 codicee;
1294 2592 1401 2646 contra
1422 2583 1599 2666 proprioru,

343 2683 422 2767 quod
443 2683 582 2764 proebeut
602 2682 724 2746 codices
746 2681 776 2745 6:
798 2684 849 2746 31.
872 2685 901 2746 8
924 2684 1006 2747 haud
1028 2685 1092 2746 ecio
1114 2704 1153 2746 an
1174 2683 1364 2746 scribendum
1386 2683 1428 2746 eit
1449 2683 1599 2767 primam.

344 2817 386 2832 ·-
406 2780 436 2845 6:
460 2781 509 2846 28.
532 2776 560 2844 7.
582 2784 660 2864 quod
683 2782 713 2845 U
734 2784 849 2864 praebet
869 2805 976 2868 quem.
992 2830 1018 2847 ..
1036 2793 1154 2848 eentum
1175 2803 1324 2846 armorum
1340 2803 1418 2868 poce
1438 2783 1601 2847 eboreiam

343 2881 506 2962 muniet,
541 2891 577 2945 ut
607 2902 646 2946 ex
678 2885 853 2964 conjectura
884 2892 989 2948 uatum
1023 2905 1088 2948 eaee
1119 2903 1208 2966 pocae
1241 2903 1300 2946 uon
1335 2903 1426 2966 nege,
1458 2883 1506 2946 ita
1539 2903 1598 2947 uec

344 2984 445 3048 minua
462 2984 633 3066 ,probabile
664 2992 710 3046 eet
742 2984 798 3046 hoc
830 2984 895 3048 loco
927 2994 962 3047 ut
993 2985 1097 3050 multia
1129 2984 1198 3047 aliia
1224 2983 1256 3046 iu
1285 2985 1346 3047 PM
1368 2983 1408 3047 ad
1430 2984 1598 3065 proximam

344 3077 446 3151 rocem
474 3104 552 3169 pecc
583 3085 840 3148 accommodatum
873 3103 940 3146 eaeo
973 3085 1154 3165 adjectivum
1181 3085 1308 3164 indeque
1330 3092 1430 3148 ortum
1443 3105 1525 3168 poce
1546 3083 1599 3148 ob·

343 3184 445 3248 noeto
467 3217 508 3232 -—
530 3181 562 3246 6:
582 3185 633 3248 32.
655 3183 684 3246 5.
707 3185 784 3247 M¹P
806 3185 921 3246 habent
942 3185 997 3268 qui
1017 3186 1045 3248 ai
1065 3185 1120 3268 qai
1140 3183 1215 3246 elidi
1236 3193 1332 3246 morea
1359 3184 1534 3259 mambre,
1557 3184 1600 3248 ed

344 3283 445 3348 arbita
476 3282 545 3348 delii
575 3283 655 3347 mica·
678 3293 787 3366 porcat,
818 3284 924 3366 Upro
941 3285 1099 3350 eeatita'eeet
1120 3284 1267 3364 scriptum
1290 3282 1384 3348 babet
1404 3285 1598 3359 certificaret,

345 3386 427 3469 quod
460 3404 535 3447 eane
557 3385 613 3447 hoo
643 3385 708 3446 ioco
730 3385 946 3464 praeferendum
969 3385 1090 3448 videtur
1111 3404 1170 3448 uon
1194 3385 1303 3459 minue,
1324 3403 1414 3466 quam
1436 3385 1599 3466 singularia

345 3485 375 3549 9:
397 3479 449 3548 27.
471 3486 501 3546 2.
525 3519 562 3532 -
584 3483 674 3556 Quod
696 3485 727 3546 iu
749 3484 779 3547 U
801 3483 830 3546 6:
853 3484 903 3546 35.
925 3484 956 3548 9.
977 3485 1123 3566 scripturn
1146 3493 1193 3547 eet
1213 3505 1250 3548 ne
1276 3484 1319 3568 qd
1350 3483 1445 3558 iubet,
1479 3485 1505 3546 ei
1538 3503 1598 3547 nou

344 3585 409 3648 aula
441 3584 531 3664 bujue
562 3585 674 3647 codicis
706 3585 886 3647 auctoritate
908 3585 1064 3658 niteretur,
1097 3585 1184 3654 tacite
1206 3585 1335 3666 aliquem
1357 3585 1532 3658 adduceret,
1564 3594 1599 3648 ut

345 3685 536 3749 scribendum
568 3693 691 3764 putaret
717 3704 754 3747 ne
782 3684 858 3768 qaid
872 3683 966 3767 juvet.
989 3719 1029 3732 -
1051 3683 1080 3747 6:
1102 3683 1152 3751 ³9.
1174 3685 1204 3747 8.
1227 3686 1321 3765 magio
1343 3684 1446 3765 placet
1467 3685 1547 3766 quod
1568 3685 1598 3746 U

344 3786 460 3867 ptaebet
486 3782 606 3869 plebejo
637 3781 754 3846 emota·
784 3784 1007 3866 mapiatrem
1031 3784 1164 3869 equitare
1184 3805 1222 3847 ec
1237 3783 1325 3868 plebe
1346 3783 1487 3858 dicendo,
1508 3803 1597 3866 quam

344 3885 423 3967 quod
445 3884 477 3947 iu
500 3883 674 3948 melioribus
697 3892 744 3946 eat
762 3883 875 3968 plebejo
896 3881 1011 3948 connati
1032 3884 1176 3968 mepiatro
1188 3931 1195 3946 .
1208 3931 1215 3946 .
1228 3931 1236 3948 .
1249 3884 1375 3947 demea
1397 3883 1597 3967 (51517616-

345 3985 404 4059 lia,
425 3984 620 4048 Liviauiecbe
641 3983 745 4062 Kritik
768 4004 797 4066 p.
821 3981 886 4067 16).
910 4021 949 4032 -
972 3985 1058 4048 Satio
1080 3985 1155 4051 mire
1176 3986 1206 4046 in
1229 4003 1289 4046 uno
1311 3984 1341 4046 U
1357 3979 1386 4046 7:
1404 3984 1451 4046 15.
1468 3986 1483 4046 1
1499 3983 1597 4064 acrip-

343 4094 408 4148 tam
430 4085 582 4148 invenitur
602 4104 697 4168 neque
728 4085 871 4148 accivere
897 4093 1095 4169 poter-orat,
1126 4083 1356 4166 ni...-freieaet,
1377 4103 1470 4166 quum
1492 4079 1597 4165 reliqui

344 4185 461 4248 codioee
483 4186 640 4266 prebeant
658 4184 832 4268 potcieaent.
875 4185 980 4247 Habet
1001 4185 1107 4248 Liviue
1128 4185 1274 4266 ojuaruodi
1303 4183 1390 4266 impi.
1413 4184 1531 4247 duobus
1552 4184 1599 4246 lo-

345 4283 407 4358 cia;
426 4278 457 4346 7ι
479 4279 509 4347 7.
530 4284 559 4349 9.
581 4304 676 4368 neqree
696 4283 840 4347 euatinera'
855 4293 1013 4367 poterent,
1034 4285 1069 4347 ni
1089 4283 1343 4348 entraordinurdoe
1363 4282 1599 4347 codordee...ae

343 4381 533 4467 ddjedum,
556 4393 587 4447 et
607 4384 659 4448 45:
671 4384 721 4446 20.
733 4383 763 4446 5.
784 4385 812 4447 ea'
832 4383 992 4447 sordidam
1012 4393 1119 4448 entem
1140 4382 1321 4459 tetrarum
1342 4382 1507 4466 lugentium
1517 4381 1599 4446 Per·

343 4483 389 4548 eei
419 4503 523 4548 maana
551 4483 685 4568 pratea
715 4483 844 4568 apeoa'cm
861 4493 1001 4567 poterant
1023 4484 1092 4570 (cfr.
1114 4484 1283 4558 Johaueou,
1304 4485 1342 4546 de
1363 4503 1421 4546 uau
1443 4484 1598 4546 modorum

344 4584 376 4648 iu
399 4582 502 4647 verbis
524 4584 648 4660 debere,
680 4603 768 4666 pocae
789 4584 859 4648 eim.
881 4584 1017 4666 Upaeliae
1041 4581 1149 4669 1868),
1170 4583 1294 4666 reliquie
1316 4583 1400 4650 locie.
1422 4581 1473 4667 (ut
1494 4583 1524 4646 4:
1550 4583 1597 4645 12.

344 4681 375 4761 7,
400 4686 447 4749 1οι
471 4683 519 4748 14.
543 4677 593 4758 17,
614 4678 664 4746 27ε
687 4678 736 4748 27.
759 4683 789 4758 5,
811 4685 861 4748 34:
883 4682 933 4747 62.
958 4685 1023 4769 18),
1045 4685 1123 4764 conj.
1145 4684 1219 4765 pipi.
1262 4682 1313 4746 An
1337 4683 1435 4746 iocum
1457 4683 1540 4746 ilium
1555 4682 1600 4744 ei-
